3270 5374
711 569 751 635 21

181 758 262 824 bulis
285 759 302 823 I
324 757 460 823 nativum
485 763 577 822 estet
600 757 824 842 primigenium.
862 757 923 822 vix
945 763 1046 823 tamen
1073 755 1180 837 credo,
1206 756 1305 822 Athe-

183 875 303 941 nienses
336 874 369 938 iu
402 881 443 951 al,
473 878 545 940 ἐπεί
572 871 781 958 similibusque
809 896 941 959 unquam
969 873 1156 938 Iomisisse.
1215 870 1305 937 Certe

183 989 319 1069 nullum,
343 988 424 1074 quod
447 987 558 1066 sciam,
582 992 685 1052 exstat
707 987 773 1052 eiua
797 989 840 1053 rei
866 989 1037 1074 vestigium.

228 1105 281 1172 Vs,
315 1107 379 1170 284
410 1113 489 1190 μηθ’
520 1108 605 1190 ὅρκῳ
636 1108 770 1182 πίσυνος
800 1112 876 1189 μήτε
901 1106 1153 1192 φιλημοσιίνη.
1199 1101 1305 1167 Lectio

182 1207 310 1286 dubrum
334 1219 471 1283 codicum
493 1217 698 1282 Parisinorum
722 1224 967 1308 συνημοσιίνη
992 1241 1027 1284 eo
1052 1218 1146 1305 magis
1167 1218 1241 1283 mihi
1257 1240 1305 1284 ar-

184 1335 282 1415 ridet,
300 1334 381 1420 quod
405 1333 576 1398 coniectura
599 1332 672 1397 olim
696 1333 727 1397 in
752 1355 814 1397 earn
832 1333 1007 1400 incideram.
1043 1332 1304 1400 Of.H0m.11.B

184 1451 270 1517 339:
294 1460 338 1536 πῇ
362 1452 400 1534 δὴ
425 1453 638 1517 συνθεσίαι
663 1477 707 1542 τεῚ
726 1455 788 1515 καὶ
812 1453 924 1537 ὅρκια
947 1455 1079 1537 βήσεται
1103 1459 1195 1536 η’μῖν,·
1220 1449 1302 1514 Plut.

183 1567 313 1652 Lycurg.
337 1587 402 1650 cap.
421 1567 455 1628 t:
480 1569 575 1652 ὅρκια
599 1569 654 1630 καὶ
676 1565 868 1649 ὁμολογίαι;
892 1563 972 1629 Xon.
997 1565 1089 1648 Ages.
1113 1562 1168 1628 III
1192 1569 1227 1629 2:
1252 1559 1311 1651 0ρῆ

184 1711 261 1760 κους
292 1687 346 1748 καί
373 1659 535 1758 σπονδάς..
572 1681 781 1767 Φιλημοσυνη
804 1685 925 1763 praeter
956 1679 986 1744 h.
1019 1678 1039 1743 l.
1069 1675 1148 1763 apud
1173 1677 1305 1742 Graecos

183 1805 323 1863 auctores
346 1795 457 1862 frustra
474 1816 605 1882 quaeres.
644 1793 729 1858 Idem
754 1792 836 1857 valet
858 1791 895 1857 de
912 1794 1069 1878 φιλημων,
1090 1790 1170 1857 unde
1194 1791 1303 1858 forma·

184 1920 250 1978 turn
268 1911 308 1976 sit
324 1932 443 1975 necesse
461 1914 516 1974 est.
540 1910 694 1993 Φιλήμων
712 1888 794 1973 enim
807 1907 918 1993 ubique
935 1914 981 1972 ast
998 1929 1110 1974 nomen
1128 1908 1302 1994 proprium,

182 2049 333 2113 nusquam
355 2023 581 2109 appellativum.
607 2021 707 2101 Quare
731 2021 891 2106 diligenter
915 2020 1093 2095 videndum,
1120 2042 1221 2086 annon
1237 2021 1266 2086 h.
1283 2021 1301 2086 l.

181 2142 254 2213 libri
276 2139 437 2206 deteriores
461 2137 627 2224 genuinam
651 2143 758 2222 poetae
782 2159 905 2200 manum
928 2135 1101 2201 servaverit.
1146 2144 1149 2150 '

227 2255 281 2322 Vs,
306 2256 380 2321 295.
405 2255 530 2341 κωτίλῳ
554 2250 584 2319 δ’
607 2243 775 2339 οἷνθρὼπίρ
797 2261 892 2333 σιγᾶν
918 2253 1151 2339 χαλεπώτατον
1176 2258 1303 2340 ἄχθος,

272 2375 509 2453 φθεγγόμενος
534 2363 565 2434 d’
587 2368 725 2449 οἰδαης.
752 2365 831 2432 οἶσι
855 2381 962 2454 παρῇ,
987 2366 1159 2452 μέλεται.

227 2482 359 2549 Turnebi
385 2481 558 2546 coniectura
582 2480 714 2546 πέλεται
739 2478 880 2561 adiutus,
906 2479 1057 2566 suspicor:

272 2599 522 2682 φθεγγομένου
546 2592 574 2661 d'
597 2597 660 2680 ἅμ’
684 2601 780 2680 ἄση,
805 2605 919 2664 τοῖσι
943 2603 1046 2682 παρῇ,
1071 2595 1258 2661 πέλεται.

179 2716 202 2781 i.
228 2737 253 2780 e.
277 2713 378 2778 atatim
396 2723 430 2777 ot
455 2710 594 2798 loquitor,
617 2707 780 2796 fastidium
792 2711 835 2798 fit
860 2710 895 2772 a'a'a
922 2710 1026 2797 quibos
1045 2710 1139 2774 adeat.
1172 2709 1304 2794 Βασίμα

181 2829 288 2895 addito
311 2826 482 2913 participiis
505 2824 605 2891 omnia
627 2831 699 2888 nota
723 2830 803 2888 sunt.
839 2823 906 2888 Vox
926 2832 989 2910 ἄση
1014 2824 1143 2908 priorem
1160 2820 1304 2908 syllabam

181 2944 305 3031 corripit
329 2942 411 3028 apud
437 2941 508 3006 Eur.
526 2940 609 3003 Med.
635 2939 696 3004 ato
719 2945 750 3003 et
766 2915 877 3023 Sapph.
894 2938 931 3005 fr.
950 2938 984 3017 Ι,
1003 2941 1033 3003 3.
1064 2937 1204 3001 Fortasse
1227 2934 1304 3004 οίσι

179 3060 295 3148 poterit
318 3057 438 3123 servari.
486 3055 565 3121 Vide
585 3076 661 3141 quae
684 3051 836 3138 disputavi
858 3076 888 3138 p.
911 3054 940 3117 3.
988 3052 1127 3117 Aliorum
1151 3050 1304 3116 coniectu·

180 3201 230 3244 ras
258 3175 384 3261 reperies
412 3172 492 3259 apud
519 3170 685 3256 Bergkium
709 3169 742 3234 in
771 3169 819 3234 ed.
844 3168 906 3234 HI.

225 3291 280 3358 Vs.
308 3292 372 3354 309
396 3310 460 3372 sqq.
486 3291 566 3352 recte
590 3285 633 3348 sic
657 3281 832 3367 corrigunt:

269 3411 303 3474 ἐν
326 3408 385 3490 μὲν
410 3405 604 3470 σνσσίτοισιν
629 3401 711 3484 οἷνὴρ
735 3399 943 3480 πεπαυμένος
967 3396 1052 3479 εἴη,

270 3528 380 3588 πάντα
404 3545 444 3584 τε
467 3544 524 3601 μιν
550 3517 665 3598 λήθειυ
690 3517 731 3590 ὥς
756 3513 902 3578 οίπέοντα
928 3512 1037 3587 δοκοῖ,

273 3631 314 3701 εὖ
338 3660 378 3700 τε
404 3634 493 3717 φίροι
518 3635 558 3697 τοὶ
582 3630 713 3712 γελοῖα,
739 3633 860 3713 θύρηφι
886 3626 921 3690 δὲ
946 3633 1094 3709 μάρτυρος
1118 3625 1178 3710 εἴη.

225 3746 284 3810 Sed
307 3745 360 3829 qui
385 3743 584 3828 subsequitur
609 3763 671 3808 va:

356 3867 547 3943 γιγνώσκων
571 3861 669 3941 ὀργὴν
693 3863 732 3941 ἣν
757 3856 818 3923 τιν’
841 3855 957 3932 ἕκαςος
980 3854 1065 3940 ἔχει,

178 3973 254 4062 quid
281 3995 317 4038 eo
336 3973 498 4052 lactamus,
525 3970 637 4037 nescio.
675 3970 756 4036 Nam
785 3969 826 4047 si,
856 3967 938 4052 quod
966 3966 1061 4030 suasit
1090 3963 1208 4049 Bergk,
1224 3963 1306 4028 hunc

179 4111 300 4154 versum
326 4095 357 4152 et
385 4091 448 4153 010
474 4088 604 4153 alterum
632 4088 665 4152 in
689 4086 817 4151 alterius
842 4083 944 4148 locum
978 4088 1175 4167 transponas,
1202 4078 1305 4143 minus

179 4202 372 4287 commodum
401 4202 537 4267 nascitur
566 4206 621 4270 διὰ
652 4204 749 4290 μέσον
781 4195 994 4264 vocabulorum
1027 4200 1149 4282 θύρηφι
1179 4229 1222 4242 ·-
1245 4197 1305 4281 εἴη.

179 4317 250 4382 Hoc
264 4317 352 4382 video
370 4339 414 4380 vs.
431 4320 493 4382 312
511 4323 648 4382 constare
662 4315 770 4381 iisdem
787 4333 881 4400 paene
897 4305 1013 4387 verbis,
1030 4308 1142 4394 quibus
1159 4331 1202 4373 rs.
1221 4310 1304 4372 214:

269 4438 513 4520 συμμίσγων
537 4436 637 4519 ὀργίγν
663 4431 769 4518 ἥντιν’
795 4432 930 4532 ἕκαστος
955 4430 1033 4512 ἔχει.

181 4569 277 4632 eoque
300 4548 367 4612 loco
390 4568 449 4611 nou
476 4547 552 4611 mala
575 4545 637 4632 legi
663 4566 749 4634 posse
777 4550 1024 4627 γιγνώσκων
1041 4545 1139 4628 ὀργὴν
1160 4545 1226 4607 κτὲ.
1258 4535 1306 4603 Ol.

181 4662 356 4743 tra-420,
388 4663 470 4743 898,
502 4665 565 4727 960
592 4669 623 4726 et
653 4662 739 4728 1009
769 4681 827 4743 οφ,
855 4676 1037 4742 quamquam
1063 4653 1091 4718 is
1118 4652 1171 4740 qui
1197 4651 1307 4740 panxit
