3270 5374
845 606 888 672 ‘14

289 785 452 876 ,Αάκοροο
472 796 503 856 et
523 792 661 879 atneptis
684 793 801 861 Graece
827 796 958 862 audiunt
974 799 1208 882 ’άπέγγονοῳ
1237 800 1318 866 unde
1341 801 1432 868 velim

310 903 461 969 Simonidi
485 905 610 986 reddas,
633 908 716 993 qnod
741 909 873 996 scripsit.
942 989 946 998 ἢ

352 1106 519 1174 Pnrrnmn
542 1108 579 1175 fr.
607 1114 641 1186 l,
667 1132 711 1177 vs.
737 1113 778 1176 12
802 1069 906 1198 'sqq.:¹

488 1227 583 1309 φλέγε
608 1232 665 1295 τὸν
690 1227 1022 1312 ὀλεσισιαλοκάλαμον

488 1340 723 1427 λαλοβαρυόπα
747 1343 1131 1428 παραμελορυθμοβάταν
1156 1340 1192 1407 θ’

441 1501 445 1510 ·
485 1459 566 1523 ὑπαί
591 1463 790 1544 τρυπάνῳ
816 1458 915 1542 δέμας
939 1458 1253 1541 πεπλασμένον.

309 1567 340 1632 Si
362 1567 438 1653 quid
454 1569 561 1636 horum
586 1569 752 1654 intellego,
770 1576 859 1656 poeta
879 1571 993 1642 αὐλὸν,
1011 1593 1080 1634 nam
1098 1569 1135 1635 de
1158 1571 1216 1637 hoc
1229 1571 1434 1638 instrumento

308 1705 407 1748 sermo
432 1687 495 1762 est,
521 1684 635 1749 dixisse
659 1684 782 1750 videtur
805 1685 922 1750 cerebro
945 1682 1138 1749 volcmarum
1160 1708 1182 1749 a.
1202 1686 1420 1774 perforatum:

530 1809 684 1887 τρυπάνῳ
708 1802 807 1885 δέμας
830 1800 1153 1884 πεπλαγμένον.
1189 1787 1215 1852 ·'

310 1910 394 1991 Quid
418 1912 499 1978 enim
524 1913 564 1977 sit
587 1923 742 2002 τρυπάνῳ
769 1917 961 1983 πλάττειν
986 1934 1048 1978 non
1072 1918 1196 1998 expeto.
1222 1914 1259 1986 Θ’
1281 1919 1360 1992 ὑπαί
1383 1914 1435 1980 de·

307 2025 394 2091 betur
426 2028 615 2095 coniecturae
646 2051 708 2093 non
732 2027 895 2094 admodum
917 2027 1004 2092 'felici
1027 2050 1086 2112 pro
1106 2040 1211 2097 θυπα.
1257 2029 1438 2095 Sententiae

309 2142 500 2223 conveniret,
525 2144 607 2230 quod
630 2143 732 2230 Bergk
756 2142 904 2224 coniecit,
930 2151 1106 2227 θαμινά.

350 2335 512 2401 Trmornnr
534 2335 572 2402 fr.
595 2335 680 2401 XII:

619 2453 686 2517 Οὐκ
709 2452 809 2522 αέίδω
831 2457 872 2518 τά
896 2449 1045 2529 παλαιά,

617 2571 715 2631 καινά
742 2571 802 2651 γάρ
825 2566 934 2649 μάλα
959 2571 1100 2652 κρείσσω.

307 2677 358 2742 Sic
385 2677 483 2743 edidit
516 2677 617 2762 Bergk
642 2675 678 2742 de
710 2699 762 2741 sua
790 2679 964 2744 coniectura
992 2701 1046 2764 pro
1077 2684 1163 2764 άμα,
1196 2679 1276 2765 quod
1307 2679 1340 2745 in
1371 2702 1435 2746 uno

306 2793 408 2858 codice
433 2792 630 2858 desideratur.
678 2785 822 2859 Debitor
836 2816 905 2858 nam
933 2793 1057 2859 unicum
1081 2793 1206 2859 voculae
1228 2797 1316 2880 μάλα
1344 2794 1435 2861 Com·

305 2909 439 2994 paratino
463 2908 644 2972 coniunctae
669 2909 841 2993 exemplum
861 2887 1057 2972 novilccum
1087 2908 1177 2974 Iliad.
1200 2909 1248 2988 X,
1279 2911 1363 2975 124:
1456 2939 1462 2949 ·

350 3031 409 3092 νῦν
433 3020 463 3089 δ’
488 3025 559 3106 ἐμέο
583 3031 765 3110 πρότερος
788 3024 874 3109 μάλ’
900 3025 1069 3112 ἐπέγρετο,
1098 3030 1153 3091 καί
1176 3005 1230 3110 μοι
1256 3029 1374 3112 ε’πίςη,

306 3160 403 3222 neque
434 3136 468 3200 id
498 3127 597 3220 ipsum
633 3137 708 3201 satis
739 3145 873 3217 certum,
908 3137 980 3223 quia
1011 3143 1041 3202 ct
1072 3138 1161 3202 Inion
1186 3145 1218 3203 et
1254 3137 1434 3225 Btymologi

306 3252 409 3344 magni
433 3254 538 3317 auctor
561 3252 674 3318 habent
696 3254 777 3338 μέγ’.
813 3253 897 3317 Hinc
921 3258 1025 3318 nostro
1052 3253 1119 3317 loc'o
1144 3253 1337 3339 praetulerim
1360 3267 1431 3320 aut:

606 3371 716 3437 ’καινά
741 3376 801 3454 γάρ
824 3370 930 3454 μέγα
955 3373 1087 3458 κρείσσω

304 3491 357 3549 aut
384 3512 412 3550 κ.
434 3514 464 3566 γ.
488 3485 592 3551 πολύ
618 3488 758 3570 κρείσσω.

350 3598 410 3663 Sed
441 3597 591 3684 imprimis
615 3597 728 3661 arridet
756 3596 830 3662 mihi
855 3596 1075 3661 Schneidewini
1109 3597 1301 3662 coniectura:
1330 3607 1430 3668 καινά

305 3722 365 3802 γὰρ
393 3724 561 3804 ᾄσματα
584 3721 650 3782 κτὲ.

345 3830 433 3902 Inter
447 3828 630 3916 fragmento
653 3829 801 3915 cdcspota
825 3850 887 3893 non
914 3826 1059 3893 debuerat
1083 3825 1186 3912 Bergk
1210 3827 1343 3913 recipere
1364 3848 1431 3891 ver·

305 3967 388 4008 sum:
414 3948 450 4011 οὐ
474 3953 583 4012 πάντα
607 3951 679 4012 θεοί
705 3954 804 4012 πᾶσιν
829 3946 956 4012 ἔδωκαν
982 3927 1074 4032 ἔχειν
1093 3948 1218 4026 propter
1240 3942 1294 4005 hos
1317 3939 1430 4006 ossio

304 4056 473 4139 Anthclog.
499 4055 583 4134 XII,
608 4061 670 4121 96:

436 4178 507 4238 οὔτι
530 4179 636 4255 μάταν
662 4183 815 4240 θνατοῖσι
839 4182 934 4257 φάτις
962 4174 1071 4240 τοιάδε
1096 4175 1236 4258 βοᾶται,

437 4294 480 4362 ὡς
505 4287 541 4353 οὐ
565 4295 674 4355 πάντα
699 4291 772 4354 θεοί
797 4294 896 4362 πᾶσιν
922 4285 1048 4353 ἔδωκαν
1073 4287 1171 4372 ἔχειν.

347 4399 478 4464 Videtur
500 4399 582 4466 enim
606 4407 696 4487 poeta
725 4399 786 4464 suis
812 4399 913 4464 verbis
930 4419 1093 4463 memorare
1115 4405 1219 4462 notam
1246 4395 1432 4462 sententiam

305 4514 499 4580 Homericam
522 4516 561 4582 Il.
588 4522 628 4585 N
655 4515 842 4580 teo-734.
889 4512 936 4579 Cf.
960 4513 1000 4579 Il.
1024 4522 1053 4583 A
1081 4535 1124 4578 vs.
1150 4514 1226 4578 320.

350 4693 470 4759 Addam
495 4695 644 4762 nonnulla
667 4693 706 4760 ad
730 4693 925 4760 Pmosnnrr:
