<?xml version="1.0" encoding="UTF-8"?>
<!DOCTYPE html PUBLIC "-//W3C//DTD XHTML 1.0 Transitional//EN"
    "http://www.w3.org/TR/xhtml1/DTD/xhtml1-transitional.dtd">
<html xmlns="http://www.w3.org/1999/xhtml" xml:lang="en" lang="en">
 <head>
  <title>
</title>
<meta http-equiv="Content-Type" content="text/html;charset=utf-8" />
  <meta name='ocr-system' content='tesseract 3.04.00' />
  <meta name='ocr-capabilities' content='ocr_page ocr_carea ocr_par ocr_line ocrx_word'/>
</head>
<body>
  <div class='ocr_page' id='page_1' title='image "./animadversiones00herwgoog_0075.png"; bbox 0 0 3270 5374; ppageno 0'>
   <div class='ocr_carea' id='block_1_1' title="bbox 828 591 869 654">
    <p class='ocr_par' dir='ltr' id='par_1_1' title="bbox 828 591 869 654">
     <span class='ocr_line' id='line_1_1' title="bbox 828 591 869 654; baseline 0 0"><span class='ocrx_word' id='word_1_1' title='bbox 828 591 869 654; x_wconf 84' lang='grc'>60</span> 
     </span>
    </p>
   </div>
   <div class='ocr_carea' id='block_1_2' title="bbox 206 782 1453 4320">
    <p class='ocr_par' dir='ltr' id='par_1_2' title="bbox 290 782 1414 982">
     <span class='ocr_line' id='line_1_2' title="bbox 291 782 1414 874; baseline -0.003 -21"><span class='ocrx_word' id='word_1_2' title='bbox 291 788 377 874; x_wconf 76' lang='grc' dir='ltr'><strong><em>ἔχειν</em></strong></span> <span class='ocrx_word' id='word_1_3' title='bbox 397 807 415 848; x_wconf 89' lang='lat' dir='ltr'>a</span> <span class='ocrx_word' id='word_1_4' title='bbox 433 782 539 848; x_wconf 84' lang='lat' dir='ltr'>scribis</span> <span class='ocrx_word' id='word_1_5' title='bbox 556 803 624 848; x_wconf 87' lang='lat' dir='ltr'>euru</span> <span class='ocrx_word' id='word_1_6' title='bbox 647 791 773 866; x_wconf 76' lang='grc' dir='ltr'><strong><em>ἄγειν</em></strong></span> <span class='ocrx_word' id='word_1_7' title='bbox 798 782 956 848; x_wconf 76' lang='lat' dir='ltr'>confusum</span> <span class='ocrx_word' id='word_1_8' title='bbox 973 805 1039 848; x_wconf 86' lang='lat' dir='ltr'>esse</span> <span class='ocrx_word' id='word_1_9' title='bbox 1057 787 1237 850; x_wconf 79' lang='lat' dir='ltr'>statuamus,</span> <span class='ocrx_word' id='word_1_10' title='bbox 1262 785 1414 871; x_wconf 76' lang='lat' dir='ltr'>Exempla</span> 
     </span>
     <span class='ocr_line' id='line_1_3' title="bbox 290 896 576 982; baseline 0 -20"><span class='ocrx_word' id='word_1_11' title='bbox 290 896 402 982; x_wconf 91' lang='lat' dir='ltr'>ubique</span> <span class='ocrx_word' id='word_1_12' title='bbox 426 903 576 982; x_wconf 75' lang='lat' dir='ltr'>prostant.</span> 
     </span>
    </p>

    <p class='ocr_par' dir='ltr' id='par_1_3' title="bbox 335 1012 567 1098">
     <span class='ocr_line' id='line_1_4' title="bbox 335 1012 567 1098; baseline -0.004 -22"><span class='ocrx_word' id='word_1_13' title='bbox 335 1012 390 1078; x_wconf 87' lang='lat' dir='ltr'>Vs.</span> <span class='ocrx_word' id='word_1_14' title='bbox 415 1016 477 1078; x_wconf 78' lang='lat' dir='ltr'>alr</span> <span class='ocrx_word' id='word_1_15' title='bbox 504 1035 567 1098; x_wconf 91' lang='lat' dir='ltr'>sq.:</span> 
     </span>
    </p>

    <p class='ocr_par' dir='ltr' id='par_1_4' title="bbox 380 1110 1305 1331">
     <span class='ocr_line' id='line_1_5' title="bbox 380 1110 1278 1218; baseline 0.002 -22"><span class='ocrx_word' id='word_1_16' title='bbox 380 1134 411 1209; x_wconf 75' lang='grc' dir='ltr'>ἐς</span> <span class='ocrx_word' id='word_1_17' title='bbox 435 1135 580 1216; x_wconf 88' lang='grc' dir='ltr'><strong><em>βάσανον</em></strong></span> <span class='ocrx_word' id='word_1_18' title='bbox 607 1127 636 1196; x_wconf 78' lang='grc' dir='ltr'>δ’</span> <span class='ocrx_word' id='word_1_19' title='bbox 654 1128 762 1195; x_wconf 74' lang='grc' dir='ltr'><strong><em>ἐλθὼν</em></strong></span> <span class='ocrx_word' id='word_1_20' title='bbox 783 1132 1023 1216; x_wconf 83' lang='grc' dir='ltr'><strong><em>παρατρίβομαι</em></strong></span> <span class='ocrx_word' id='word_1_21' title='bbox 1049 1110 1108 1208; x_wconf 56' lang='lat' dir='ltr'>ita</span> <span class='ocrx_word' id='word_1_22' title='bbox 1132 1130 1278 1218; x_wconf 86' lang='grc' dir='ltr'><strong><em>μολίβόῳ</em></strong></span> 
     </span>
     <span class='ocr_line' id='line_1_6' title="bbox 380 1244 1305 1331; baseline 0 -20"><span class='ocrx_word' id='word_1_23' title='bbox 380 1251 510 1330; x_wconf 77' lang='grc' dir='ltr'><strong><em>χρυσός,</em></strong></span> <span class='ocrx_word' id='word_1_24' title='bbox 539 1247 794 1331; x_wconf 74' lang='grc' dir='ltr'><strong><em>όπερτερίης</em></strong></span> <span class='ocrx_word' id='word_1_25' title='bbox 822 1244 999 1330; x_wconf 82' lang='grc' dir='ltr'><strong><em>δ’ἄμμιν</em></strong></span> <span class='ocrx_word' id='word_1_26' title='bbox 1027 1247 1142 1324; x_wconf 75' lang='grc' dir='ltr'><strong><em>ἕνοςι</em></strong></span> <span class='ocrx_word' id='word_1_27' title='bbox 1173 1247 1305 1328; x_wconf 91' lang='grc' dir='ltr'><strong><em>λόγος.</em></strong></span> 
     </span>
    </p>

    <p class='ocr_par' dir='ltr' id='par_1_5' title="bbox 206 1348 1453 2693">
     <span class='ocr_line' id='line_1_7' title="bbox 334 1348 1416 1452; baseline 0.002 -28"><span class='ocrx_word' id='word_1_28' title='bbox 334 1360 406 1425; x_wconf 93' lang='lat' dir='ltr'>Duo</span> <span class='ocrx_word' id='word_1_29' title='bbox 431 1348 514 1424; x_wconf 83' lang='lat' dir='ltr'>certa</span> <span class='ocrx_word' id='word_1_30' title='bbox 538 1358 654 1436; x_wconf 87' lang='lat' dir='ltr'>dioarn,</span> <span class='ocrx_word' id='word_1_31' title='bbox 685 1380 779 1424; x_wconf 88' lang='lat' dir='ltr'>unum</span> <span class='ocrx_word' id='word_1_32' title='bbox 803 1359 961 1423; x_wconf 71' lang='lat' dir='ltr'><strong>incertius.</strong></span> <span class='ocrx_word' id='word_1_33' title='bbox 1007 1358 1126 1445; x_wconf 89' lang='lat' dir='ltr'>Nempe</span> <span class='ocrx_word' id='word_1_34' title='bbox 1148 1367 1266 1427; x_wconf 88' lang='lat' dir='ltr'>eertum</span> <span class='ocrx_word' id='word_1_35' title='bbox 1291 1370 1337 1426; x_wconf 87' lang='lat' dir='ltr'>est</span> <span class='ocrx_word' id='word_1_36' title='bbox 1360 1383 1416 1452; x_wconf 89' lang='lat' dir='ltr'>pro</span> 
     </span>
     <span class='ocr_line' id='line_1_8' title="bbox 289 1473 1414 1564; baseline 0.001 -21"><span class='ocrx_word' id='word_1_37' title='bbox 289 1477 434 1563; x_wconf 75' lang='grc' dir='ltr'><strong><em>μολίβδῳ</em></strong></span> <span class='ocrx_word' id='word_1_38' title='bbox 464 1475 667 1561; x_wconf 83' lang='lat' dir='ltr'>reponendam</span> <span class='ocrx_word' id='word_1_39' title='bbox 698 1496 762 1538; x_wconf 90' lang='lat' dir='ltr'>esse</span> <span class='ocrx_word' id='word_1_40' title='bbox 794 1474 919 1539; x_wconf 89' lang='lat' dir='ltr'>formam</span> <span class='ocrx_word' id='word_1_41' title='bbox 954 1473 1078 1561; x_wconf 89' lang='lat' dir='ltr'>probam</span> <span class='ocrx_word' id='word_1_42' title='bbox 1112 1482 1144 1540; x_wconf 88' lang='lat' dir='ltr'>et</span> <span class='ocrx_word' id='word_1_43' title='bbox 1174 1476 1330 1561; x_wconf 84' lang='lat' dir='ltr'>antiquam</span> <span class='ocrx_word' id='word_1_44' title='bbox 1360 1506 1414 1564; x_wconf 88' lang='grc' dir='ltr'>μο·</span> 
     </span>
     <span class='ocr_line' id='line_1_9' title="bbox 290 1589 1415 1684; baseline -0.001 -26"><span class='ocrx_word' id='word_1_45' title='bbox 290 1592 414 1680; x_wconf 76' lang='grc' dir='ltr'><strong><em>λόβόῳ,</em></strong></span> <span class='ocrx_word' id='word_1_46' title='bbox 440 1612 539 1676; x_wconf 92' lang='lat' dir='ltr'>neque</span> <span class='ocrx_word' id='word_1_47' title='bbox 570 1590 739 1684; x_wconf 87' lang='lat' dir='ltr'>ineertum,</span> <span class='ocrx_word' id='word_1_48' title='bbox 771 1589 933 1674; x_wconf 87' lang='lat' dir='ltr'>depravata</span> <span class='ocrx_word' id='word_1_49' title='bbox 957 1609 1022 1654; x_wconf 87' lang='lat' dir='ltr'>esse</span> <span class='ocrx_word' id='word_1_50' title='bbox 1038 1589 1136 1655; x_wconf 81' lang='lat' dir='ltr'>&#39;verba</span> <span class='ocrx_word' id='word_1_51' title='bbox 1160 1596 1348 1679; x_wconf 75' lang='grc' dir='ltr'><strong><em>όπιρτερίης</em></strong></span> <span class='ocrx_word' id='word_1_52' title='bbox 1371 1631 1415 1642; x_wconf 91' lang='grc'>-</span> 
     </span>
     <span class='ocr_line' id='line_1_10' title="bbox 290 1703 1416 1794; baseline 0 -22"><span class='ocrx_word' id='word_1_53' title='bbox 290 1709 402 1790; x_wconf 91' lang='grc' dir='ltr'><strong><em>λόγος,</em></strong></span> <span class='ocrx_word' id='word_1_54' title='bbox 434 1706 544 1792; x_wconf 88' lang='lat' dir='ltr'>quibus</span> <span class='ocrx_word' id='word_1_55' title='bbox 575 1728 636 1769; x_wconf 91' lang='lat' dir='ltr'>non</span> <span class='ocrx_word' id='word_1_56' title='bbox 673 1703 834 1770; x_wconf 76' lang='lat' dir='ltr'>medeatur</span> <span class='ocrx_word' id='word_1_57' title='bbox 866 1705 1021 1771; x_wconf 88' lang='lat' dir='ltr'>Dindorfii</span> <span class='ocrx_word' id='word_1_58' title='bbox 1054 1706 1225 1772; x_wconf 85' lang='lat' dir='ltr'>coniectura</span> <span class='ocrx_word' id='word_1_59' title='bbox 1256 1712 1331 1794; x_wconf 72' lang='grc' dir='ltr'><strong><em>ἡμίν</em></strong></span> <span class='ocrx_word' id='word_1_60' title='bbox 1363 1731 1416 1793; x_wconf 87' lang='lat' dir='ltr'>pro</span> 
     </span>
     <span class='ocr_line' id='line_1_11' title="bbox 237 1819 1417 1909; baseline -0.003 -20"><span class='ocrx_word' id='word_1_61' title='bbox 237 1859 239 1873; x_wconf 48' lang='grc' dir='ltr'><strong><em>ι</em></strong></span> <span class='ocrx_word' id='word_1_62' title='bbox 289 1830 408 1909; x_wconf 85' lang='grc' dir='ltr'><strong><em>ἄμμιν,</em></strong></span> <span class='ocrx_word' id='word_1_63' title='bbox 443 1845 532 1908; x_wconf 84' lang='lat' dir='ltr'>quam</span> <span class='ocrx_word' id='word_1_64' title='bbox 562 1821 688 1886; x_wconf 88' lang='lat' dir='ltr'>formam</span> <span class='ocrx_word' id='word_1_65' title='bbox 725 1843 813 1886; x_wconf 91' lang='lat' dir='ltr'>nemo</span> <span class='ocrx_word' id='word_1_66' title='bbox 840 1819 984 1887; x_wconf 88' lang='lat' dir='ltr'>librarius</span> <span class='ocrx_word' id='word_1_67' title='bbox 1020 1821 1066 1886; x_wconf 93' lang='lat' dir='ltr'>illi</span> <span class='ocrx_word' id='word_1_68' title='bbox 1101 1821 1310 1888; x_wconf 76' lang='lat' dir='ltr'>substitueret.</span> <span class='ocrx_word' id='word_1_69' title='bbox 1357 1821 1417 1886; x_wconf 88' lang='lat' dir='ltr'>Ni·</span> 
     </span>
     <span class='ocr_line' id='line_1_12' title="bbox 227 1909 1416 2023; baseline 0.002 -23"><span class='ocrx_word' id='word_1_70' title='bbox 227 1943 229 1958; x_wconf 87' lang='lat'>&#39;</span> <span class='ocrx_word' id='word_1_71' title='bbox 271 1909 400 2022; x_wconf 28' lang='lat' dir='ltr'>&#39;mirum</span> <span class='ocrx_word' id='word_1_72' title='bbox 423 1937 490 2023; x_wconf 89' lang='lat' dir='ltr'>ipsa</span> <span class='ocrx_word' id='word_1_73' title='bbox 514 1935 667 2000; x_wconf 89' lang='lat' dir='ltr'>sententia</span> <span class='ocrx_word' id='word_1_74' title='bbox 690 1933 826 2009; x_wconf 83' lang='lat' dir='ltr'>laborat,</span> <span class='ocrx_word' id='word_1_75' title='bbox 854 1957 910 2002; x_wconf 90' lang='lat' dir='ltr'>neo</span> <span class='ocrx_word' id='word_1_76' title='bbox 933 1936 1094 2022; x_wconf 84' lang='lat' dir='ltr'>quiequam</span> <span class='ocrx_word' id='word_1_77' title='bbox 1117 1937 1185 2002; x_wconf 88' lang='lat' dir='ltr'>sani</span> <span class='ocrx_word' id='word_1_78' title='bbox 1206 1959 1242 2001; x_wconf 87' lang='lat' dir='ltr'>ex</span> <span class='ocrx_word' id='word_1_79' title='bbox 1265 1936 1335 2002; x_wconf 84' lang='lat' dir='ltr'>istis</span> <span class='ocrx_word' id='word_1_80' title='bbox 1352 1939 1416 2002; x_wconf 90' lang='lat' dir='ltr'>erui</span> 
     </span>
     <span class='ocr_line' id='line_1_13' title="bbox 290 2050 1419 2142; baseline 0.002 -26"><span class='ocrx_word' id='word_1_81' title='bbox 290 2057 400 2140; x_wconf 89' lang='lat' dir='ltr'>potest.</span> <span class='ocrx_word' id='word_1_82' title='bbox 447 2050 606 2116; x_wconf 89' lang='lat' dir='ltr'>Weleker:</span> <span class='ocrx_word' id='word_1_83' title='bbox 635 2051 728 2134; x_wconf 90' lang='grc' dir='ltr'><strong><em>λόγος</em></strong></span> <span class='ocrx_word' id='word_1_84' title='bbox 762 2056 962 2142; x_wconf 73' lang='grc' dir='ltr'><strong><em>ὑπεριιρίης,</em></strong></span> <span class='ocrx_word' id='word_1_85' title='bbox 992 2077 1054 2140; x_wconf 78' lang='grc' dir='ltr'>μον</span> <span class='ocrx_word' id='word_1_86' title='bbox 1081 2055 1281 2141; x_wconf 72' lang='lat' dir='ltr'>paraphrasin</span> <span class='ocrx_word' id='word_1_87' title='bbox 1311 2075 1366 2140; x_wconf 88' lang='lat' dir='ltr'>pro</span> <span class='ocrx_word' id='word_1_88' title='bbox 1397 2065 1419 2142; x_wconf 66' lang='grc' dir='ltr'>ρ*</span> 
     </span>
     <span class='ocr_line' id='line_1_14' title="bbox 292 2168 1416 2256; baseline -0.002 -21"><span class='ocrx_word' id='word_1_89' title='bbox 292 2172 460 2253; x_wconf 75' lang='grc' dir='ltr'><strong><em>όπερτερίη</em></strong></span> <span class='ocrx_word' id='word_1_90' title='bbox 487 2173 562 2251; x_wconf 77' lang='grc' dir='ltr'><strong><em>ἡμῖν</em></strong></span> <span class='ocrx_word' id='word_1_91' title='bbox 593 2169 697 2246; x_wconf 70' lang='grc' dir='ltr'><strong><em>ίνεςι,</em></strong></span> <span class='ocrx_word' id='word_1_92' title='bbox 727 2189 815 2231; x_wconf 84' lang='lat' dir='ltr'>nemo</span> <span class='ocrx_word' id='word_1_93' title='bbox 837 2191 892 2232; x_wconf 84' lang='grc' dir='ltr'>ποο</span> <span class='ocrx_word' id='word_1_94' title='bbox 919 2181 1038 2256; x_wconf 77' lang='lat' dir='ltr'>aequat.</span> <span class='ocrx_word' id='word_1_95' title='bbox 1084 2168 1175 2249; x_wconf 77' lang='lat' dir='ltr'>Quod</span> <span class='ocrx_word' id='word_1_96' title='bbox 1202 2169 1318 2233; x_wconf 91' lang='lat' dir='ltr'>utinam</span> <span class='ocrx_word' id='word_1_97' title='bbox 1346 2191 1416 2254; x_wconf 93' lang='lat' dir='ltr'>pro·</span> 
     </span>
     <span class='ocr_line' id='line_1_15' title="bbox 292 2280 1453 2372; baseline 0.006 -26"><span class='ocrx_word' id='word_1_98' title='bbox 292 2280 392 2346; x_wconf 83' lang='lat' dir='ltr'>basset</span> <span class='ocrx_word' id='word_1_99' title='bbox 415 2281 518 2366; x_wconf 85' lang='lat' dir='ltr'>potius</span> <span class='ocrx_word' id='word_1_100' title='bbox 541 2302 631 2365; x_wconf 90' lang='lat' dir='ltr'>quam</span> <span class='ocrx_word' id='word_1_101' title='bbox 652 2280 789 2348; x_wconf 81' lang='lat' dir='ltr'>dixisset.</span> <span class='ocrx_word' id='word_1_102' title='bbox 839 2282 1042 2348; x_wconf 84' lang='lat' dir='ltr'>Locutionem</span> <span class='ocrx_word' id='word_1_103' title='bbox 1067 2289 1098 2361; x_wconf 79' lang='grc' dir='ltr'>ἐς</span> <span class='ocrx_word' id='word_1_104' title='bbox 1125 2293 1292 2372; x_wconf 80' lang='grc' dir='ltr'><strong><em>χρημάτων</em></strong></span> <span class='ocrx_word' id='word_1_105' title='bbox 1318 2286 1416 2368; x_wconf 90' lang='grc' dir='ltr'><strong><em>λόγον</em></strong></span> <span class='ocrx_word' id='word_1_106' title='bbox 1451 2335 1453 2344; x_wconf 70' lang='lat'><em>,</em></span> 
     </span>
     <span class='ocr_line' id='line_1_16' title="bbox 291 2383 1417 2486; baseline 0 -24"><span class='ocrx_word' id='word_1_107' title='bbox 291 2401 422 2486; x_wconf 77' lang='grc' dir='ltr'><strong><em>ι’σχιίειν,</em></strong></span> <span class='ocrx_word' id='word_1_108' title='bbox 446 2403 500 2461; x_wconf 88' lang='lat' dir='ltr'>aut</span> <span class='ocrx_word' id='word_1_109' title='bbox 523 2396 548 2461; x_wconf 89' lang='lat' dir='ltr'>si</span> <span class='ocrx_word' id='word_1_110' title='bbox 573 2396 646 2480; x_wconf 92' lang='lat' dir='ltr'>qnid</span> <span class='ocrx_word' id='word_1_111' title='bbox 667 2402 712 2462; x_wconf 84' lang='lat' dir='ltr'>est</span> <span class='ocrx_word' id='word_1_112' title='bbox 733 2387 800 2462; x_wconf 83' lang='lat' dir='ltr'>eius</span> <span class='ocrx_word' id='word_1_113' title='bbox 817 2397 938 2476; x_wconf 89' lang='lat' dir='ltr'>simile,</span> <span class='ocrx_word' id='word_1_114' title='bbox 962 2398 1039 2464; x_wconf 88' lang='lat' dir='ltr'>nihil</span> <span class='ocrx_word' id='word_1_115' title='bbox 1063 2400 1123 2464; x_wconf 86' lang='lat' dir='ltr'>hue</span> <span class='ocrx_word' id='word_1_116' title='bbox 1145 2398 1240 2462; x_wconf 87' lang='lat' dir='ltr'>faeere</span> <span class='ocrx_word' id='word_1_117' title='bbox 1263 2383 1417 2484; x_wconf 87' lang='lat' dir='ltr'>propalam</span> 
     </span>
     <span class='ocr_line' id='line_1_17' title="bbox 206 2507 1416 2600; baseline 0.003 -24"><span class='ocrx_word' id='word_1_118' title='bbox 206 2577 207 2582; x_wconf 66' lang='grc'><strong><em>,</em></strong></span> <span class='ocrx_word' id='word_1_119' title='bbox 290 2517 347 2577; x_wconf 89' lang='lat' dir='ltr'>ast.</span> <span class='ocrx_word' id='word_1_120' title='bbox 373 2512 530 2577; x_wconf 85' lang='lat' dir='ltr'>Intendite</span> <span class='ocrx_word' id='word_1_121' title='bbox 549 2507 655 2599; x_wconf 81' lang='lat' dir='ltr'>igitur,</span> <span class='ocrx_word' id='word_1_122' title='bbox 680 2511 829 2592; x_wconf 84' lang='lat' dir='ltr'>oeritiei,</span> <span class='ocrx_word' id='word_1_123' title='bbox 847 2513 941 2579; x_wconf 86' lang='lat' dir='ltr'>vires!</span> <span class='ocrx_word' id='word_1_124' title='bbox 971 2514 1053 2600; x_wconf 79' lang='lat' dir='ltr'>Ego,</span> <span class='ocrx_word' id='word_1_125' title='bbox 1080 2513 1196 2579; x_wconf 82' lang='lat' dir='ltr'>nasim</span> <span class='ocrx_word' id='word_1_126' title='bbox 1223 2515 1416 2600; x_wconf 76' lang='grc' dir='ltr'><strong><em>α’σιίμβολος,</em></strong></span> 
     </span>
     <span class='ocr_line' id='line_1_18' title="bbox 294 2627 567 2693; baseline -0.015 0"><span class='ocrx_word' id='word_1_127' title='bbox 294 2627 441 2693; x_wconf 87' lang='lat' dir='ltr'>hariolor:</span> <span class='ocrx_word' id='word_1_128' title='bbox 562 2649 567 2656; x_wconf 72' lang='grc'><em>“</em></span> 
     </span>
    </p>

    <p class='ocr_par' dir='ltr' id='par_1_6' title="bbox 465 2741 1213 2829">
     <span class='ocr_line' id='line_1_19' title="bbox 465 2741 1213 2829; baseline -0.003 -19"><span class='ocrx_word' id='word_1_129' title='bbox 465 2746 694 2829; x_wconf 76' lang='grc' dir='ltr'><strong><em>ὑπερτερίῃ</em></strong></span> <span class='ocrx_word' id='word_1_130' title='bbox 721 2741 906 2828; x_wconf 81' lang='grc' dir='ltr'><strong><em>όόίμμον</em></strong></span> <span class='ocrx_word' id='word_1_131' title='bbox 934 2743 1049 2823; x_wconf 75' lang='grc' dir='ltr'><strong><em>ἕνεςι</em></strong></span> <span class='ocrx_word' id='word_1_132' title='bbox 1078 2743 1213 2826; x_wconf 91' lang='grc' dir='ltr'><strong><em>λόγος.</em></strong></span> 
     </span>
    </p>

    <p class='ocr_par' dir='ltr' id='par_1_7' title="bbox 292 2853 1420 3630">
     <span class='ocr_line' id='line_1_20' title="bbox 292 2853 1418 2954; baseline 0.003 -37"><span class='ocrx_word' id='word_1_133' title='bbox 292 2853 313 2920; x_wconf 93' lang='lat' dir='ltr'>i.</span> <span class='ocrx_word' id='word_1_134' title='bbox 338 2876 364 2919; x_wconf 91' lang='lat' dir='ltr'>e.</span> <span class='ocrx_word' id='word_1_135' title='bbox 396 2876 479 2926; x_wconf 89' lang='lat' dir='ltr'>meae</span> <span class='ocrx_word' id='word_1_136' title='bbox 510 2876 581 2940; x_wconf 89' lang='lat' dir='ltr'>prae</span> <span class='ocrx_word' id='word_1_137' title='bbox 614 2853 680 2919; x_wconf 83' lang='lat' dir='ltr'>aliie</span> <span class='ocrx_word' id='word_1_138' title='bbox 709 2854 908 2920; x_wconf 80' lang='lat' dir='ltr'>excellentiae</span> <span class='ocrx_word' id='word_1_139' title='bbox 932 2855 1013 2954; x_wconf 74' lang='lat' dir='ltr'>inest</span> <span class='ocrx_word' id='word_1_140' title='bbox 1036 2855 1115 2922; x_wconf 86' lang='lat' dir='ltr'>ratio</span> <span class='ocrx_word' id='word_1_141' title='bbox 1140 2877 1265 2921; x_wconf 88' lang='lat' dir='ltr'>numero</span> <span class='ocrx_word' id='word_1_142' title='bbox 1289 2855 1418 2920; x_wconf 84' lang='lat' dir='ltr'>carentis</span> 
     </span>
     <span class='ocr_line' id='line_1_21' title="bbox 294 2959 1419 3056; baseline 0.001 -23"><span class='ocrx_word' id='word_1_143' title='bbox 294 2991 420 3050; x_wconf 90' lang='lat' dir='ltr'>arenae,</span> <span class='ocrx_word' id='word_1_144' title='bbox 447 2973 511 3035; x_wconf 86' lang='lat' dir='ltr'>sive</span> <span class='ocrx_word' id='word_1_145' title='bbox 533 2971 681 3036; x_wconf 74' lang='lat' dir='ltr'>immensa</span> <span class='ocrx_word' id='word_1_146' title='bbox 703 2983 763 3050; x_wconf 83' lang='lat' dir='ltr'>eat,</span> <span class='ocrx_word' id='word_1_147' title='bbox 787 2977 823 3036; x_wconf 87' lang='lat' dir='ltr'>nt</span> <span class='ocrx_word' id='word_1_148' title='bbox 845 2971 882 3036; x_wconf 88' lang='lat' dir='ltr'>ad</span> <span class='ocrx_word' id='word_1_149' title='bbox 905 2979 1013 3037; x_wconf 88' lang='lat' dir='ltr'>notum</span> <span class='ocrx_word' id='word_1_150' title='bbox 1036 2959 1188 3037; x_wconf 89' lang='lat' dir='ltr'>alludatur</span> <span class='ocrx_word' id='word_1_151' title='bbox 1214 2968 1419 3056; x_wconf 85' lang='lat' dir='ltr'>prouerbium.</span> 
     </span>
     <span class='ocr_line' id='line_1_22' title="bbox 294 3083 1419 3173; baseline 0.003 -25"><span class='ocrx_word' id='word_1_152' title='bbox 294 3083 444 3148; x_wconf 84' lang='lat' dir='ltr'>Iactantia</span> <span class='ocrx_word' id='word_1_153' title='bbox 474 3085 626 3148; x_wconf 89' lang='lat' dir='ltr'>neminem</span> <span class='ocrx_word' id='word_1_154' title='bbox 658 3087 810 3166; x_wconf 88' lang='lat' dir='ltr'>offendet,</span> <span class='ocrx_word' id='word_1_155' title='bbox 843 3087 896 3172; x_wconf 89' lang='lat' dir='ltr'>qni</span> <span class='ocrx_word' id='word_1_156' title='bbox 923 3088 1034 3173; x_wconf 90' lang='lat' dir='ltr'>legerit</span> <span class='ocrx_word' id='word_1_157' title='bbox 1058 3094 1087 3153; x_wconf 89' lang='lat' dir='ltr'>et</span> <span class='ocrx_word' id='word_1_158' title='bbox 1109 3087 1185 3152; x_wconf 90' lang='lat' dir='ltr'>duos</span> <span class='ocrx_word' id='word_1_159' title='bbox 1209 3109 1311 3151; x_wconf 83' lang='lat' dir='ltr'>versus</span> <span class='ocrx_word' id='word_1_160' title='bbox 1334 3109 1419 3172; x_wconf 87' lang='lat' dir='ltr'>prae·</span> 
     </span>
     <span class='ocr_line' id='line_1_23' title="bbox 294 3178 1419 3291; baseline 0.004 -27"><span class='ocrx_word' id='word_1_161' title='bbox 294 3222 413 3286; x_wconf 84' lang='lat' dir='ltr'>gressos</span> <span class='ocrx_word' id='word_1_162' title='bbox 441 3199 560 3285; x_wconf 85' lang='lat' dir='ltr'>etipsa</span> <span class='ocrx_word' id='word_1_163' title='bbox 583 3200 672 3265; x_wconf 86' lang='lat' dir='ltr'>haee:</span> <span class='ocrx_word' id='word_1_164' title='bbox 705 3178 946 3291; x_wconf 83' lang='grc' dir='ltr'><strong><em>παραιρίβομαι</em></strong></span> <span class='ocrx_word' id='word_1_165' title='bbox 975 3241 1014 3251; x_wconf 93' lang='lat'>-</span> <span class='ocrx_word' id='word_1_166' title='bbox 1039 3211 1161 3291; x_wconf 80' lang='grc' dir='ltr'><strong><em>χρυσός.</em></strong></span> <span class='ocrx_word' id='word_1_167' title='bbox 1208 3193 1291 3267; x_wconf 90' lang='lat' dir='ltr'>Male</span> <span class='ocrx_word' id='word_1_168' title='bbox 1316 3209 1419 3269; x_wconf 89' lang='lat' dir='ltr'>autern</span> 
     </span>
     <span class='ocr_line' id='line_1_24' title="bbox 293 3315 1416 3406; baseline 0.004 -26"><span class='ocrx_word' id='word_1_169' title='bbox 293 3315 440 3400; x_wconf 86' lang='lat' dir='ltr'>Hartung</span> <span class='ocrx_word' id='word_1_170' title='bbox 454 3315 612 3402; x_wconf 89' lang='lat' dir='ltr'>proposuit</span> <span class='ocrx_word' id='word_1_171' title='bbox 629 3317 893 3406; x_wconf 83' lang='grc' dir='ltr'><strong><em>παραβάλλομαι,</em></strong></span> <span class='ocrx_word' id='word_1_172' title='bbox 917 3339 979 3382; x_wconf 86' lang='grc' dir='ltr'>οοο</span> <span class='ocrx_word' id='word_1_173' title='bbox 995 3316 1178 3404; x_wconf 89' lang='lat' dir='ltr'>intellegens</span> <span class='ocrx_word' id='word_1_174' title='bbox 1196 3339 1319 3383; x_wconf 88' lang='lat' dir='ltr'>sensum</span> <span class='ocrx_word' id='word_1_175' title='bbox 1336 3340 1416 3384; x_wconf 87' lang='lat' dir='ltr'>esse:</span> 
     </span>
     <span class='ocr_line' id='line_1_25' title="bbox 294 3432 1420 3522; baseline -0.001 -22"><span class='ocrx_word' id='word_1_176' title='bbox 294 3437 339 3517; x_wconf 80' lang='grc' dir='ltr'>τῴ</span> <span class='ocrx_word' id='word_1_177' title='bbox 364 3437 496 3521; x_wconf 83' lang='grc' dir='ltr'><strong><em>βασάνῳ</em></strong></span> <span class='ocrx_word' id='word_1_178' title='bbox 519 3435 722 3522; x_wconf 80' lang='grc' dir='ltr'><strong><em>τρίβομαι</em></strong></span> <span class='ocrx_word' id='word_1_179' title='bbox 748 3435 790 3510; x_wconf 83' lang='grc' dir='ltr'>ὥς</span> <span class='ocrx_word' id='word_1_180' title='bbox 813 3438 927 3517; x_wconf 81' lang='grc' dir='ltr'><strong><em>παρὰ</em></strong></span> <span class='ocrx_word' id='word_1_181' title='bbox 948 3432 1113 3522; x_wconf 85' lang='grc' dir='ltr'><strong><em>μόλνβόον</em></strong></span> <span class='ocrx_word' id='word_1_182' title='bbox 1139 3441 1269 3522; x_wconf 80' lang='grc' dir='ltr'><strong><em>χρνσός,</em></strong></span> <span class='ocrx_word' id='word_1_183' title='bbox 1293 3433 1315 3498; x_wconf 85' lang='lat' dir='ltr'>i.</span> <span class='ocrx_word' id='word_1_184' title='bbox 1332 3456 1357 3500; x_wconf 93' lang='lat' dir='ltr'>e.</span> <span class='ocrx_word' id='word_1_185' title='bbox 1382 3440 1420 3499; x_wconf 84' lang='lat' dir='ltr'>ut</span> 
     </span>
     <span class='ocr_line' id='line_1_26' title="bbox 293 3544 701 3630; baseline 0.002 -22"><span class='ocrx_word' id='word_1_186' title='bbox 293 3545 379 3609; x_wconf 75' lang='lat' dir='ltr'>touta</span> <span class='ocrx_word' id='word_1_187' title='bbox 402 3544 563 3630; x_wconf 88' lang='lat' dir='ltr'>plumbum</span> <span class='ocrx_word' id='word_1_188' title='bbox 586 3568 701 3612; x_wconf 87' lang='lat' dir='ltr'>aurum.</span> 
     </span>
    </p>

    <p class='ocr_par' dir='ltr' id='par_1_8' title="bbox 340 3659 1016 3747">
     <span class='ocr_line' id='line_1_27' title="bbox 340 3659 1016 3747; baseline 0.009 -27"><span class='ocrx_word' id='word_1_189' title='bbox 340 3659 393 3725; x_wconf 84' lang='lat' dir='ltr'>Vs.</span> <span class='ocrx_word' id='word_1_190' title='bbox 419 3660 481 3724; x_wconf 78' lang='lat'>625</span> <span class='ocrx_word' id='word_1_191' title='bbox 507 3682 551 3745; x_wconf 89' lang='lat' dir='ltr'>sq.</span> <span class='ocrx_word' id='word_1_192' title='bbox 574 3659 792 3746; x_wconf 85' lang='lat' dir='ltr'>intellegerem</span> <span class='ocrx_word' id='word_1_193' title='bbox 806 3661 849 3726; x_wconf 86' lang='lat' dir='ltr'>sio</span> <span class='ocrx_word' id='word_1_194' title='bbox 872 3661 1016 3747; x_wconf 81' lang='lat' dir='ltr'>scriptos:</span> 
     </span>
    </p>

    <p class='ocr_par' dir='ltr' id='par_1_9' title="bbox 360 3773 1307 3978">
     <span class='ocr_line' id='line_1_28' title="bbox 363 3773 1307 3865; baseline 0.007 -25"><span class='ocrx_word' id='word_1_195' title='bbox 363 3780 562 3862; x_wconf 78' lang='grc' dir='ltr'><strong><em>ῥηίτερον</em></strong></span> <span class='ocrx_word' id='word_1_196' title='bbox 587 3778 767 3862; x_wconf 78' lang='grc' dir='ltr'><strong><em>φρονέοντα</em></strong></span> <span class='ocrx_word' id='word_1_197' title='bbox 792 3773 868 3863; x_wconf 86' lang='grc' dir='ltr'><strong><em>παρ’</em></strong></span> <span class='ocrx_word' id='word_1_198' title='bbox 885 3784 1002 3865; x_wconf 83' lang='grc' dir='ltr'><strong><em>ἄφροσι</em></strong></span> <span class='ocrx_word' id='word_1_199' title='bbox 1027 3778 1122 3845; x_wconf 91' lang='grc' dir='ltr'><strong><em>πόλλ’</em></strong></span> <span class='ocrx_word' id='word_1_200' title='bbox 1139 3780 1307 3865; x_wconf 74' lang='grc' dir='ltr'><strong><em>οἷγορειίειν</em></strong></span> 
     </span>
     <span class='ocr_line' id='line_1_29' title="bbox 360 3893 1055 3978; baseline 0.009 -23"><span class='ocrx_word' id='word_1_201' title='bbox 360 3897 381 3975; x_wconf 70' lang='grc' dir='ltr'><strong><em>ἦ</em></strong></span> <span class='ocrx_word' id='word_1_202' title='bbox 404 3898 499 3972; x_wconf 83' lang='grc' dir='ltr'><strong><em>σιγᾶν</em></strong></span> <span class='ocrx_word' id='word_1_203' title='bbox 523 3893 607 3957; x_wconf 73' lang='lat' dir='ltr'>olei·</span> <span class='ocrx_word' id='word_1_204' title='bbox 634 3897 727 3958; x_wconf 80' lang='grc' dir='ltr'><strong><em>τοῦτο</em></strong></span> <span class='ocrx_word' id='word_1_205' title='bbox 753 3897 814 3978; x_wconf 84' lang='grc' dir='ltr'>γὰρ</span> <span class='ocrx_word' id='word_1_206' title='bbox 838 3894 875 3958; x_wconf 78' lang='lat' dir='ltr'>ori</span> <span class='ocrx_word' id='word_1_207' title='bbox 901 3893 1055 3961; x_wconf 68' lang='grc' dir='ltr'><strong><em>δυνατόν.</em></strong></span> 
     </span>
    </p>

    <p class='ocr_par' dir='ltr' id='par_1_10' title="bbox 295 4000 1435 4206">
     <span class='ocr_line' id='line_1_30' title="bbox 339 4000 1435 4094; baseline 0.003 -29"><span class='ocrx_word' id='word_1_208' title='bbox 339 4000 456 4087; x_wconf 83' lang='lat' dir='ltr'>Vulgo:</span> <span class='ocrx_word' id='word_1_209' title='bbox 484 4005 697 4091; x_wconf 79' lang='grc' dir='ltr'><strong><em>α’ργαλίον</em></strong></span> <span class='ocrx_word' id='word_1_210' title='bbox 720 4015 764 4053; x_wconf 86' lang='grc'>“-</span> <span class='ocrx_word' id='word_1_211' title='bbox 788 4012 861 4073; x_wconf 81' lang='grc' dir='ltr'><strong><em>ιιαί</em></strong></span> <span class='ocrx_word' id='word_1_212' title='bbox 887 4015 993 4090; x_wconf 84' lang='grc' dir='ltr'><strong><em>σιγᾶν.</em></strong></span> <span class='ocrx_word' id='word_1_213' title='bbox 1031 4006 1154 4070; x_wconf 84' lang='lat' dir='ltr'>Servate</span> <span class='ocrx_word' id='word_1_214' title='bbox 1177 4008 1350 4094; x_wconf 75' lang='grc' dir='ltr'><strong><em>ἀργαλέον,</em></strong></span> <span class='ocrx_word' id='word_1_215' title='bbox 1373 4004 1435 4069; x_wconf 85' lang='lat' dir='ltr'>vel·</span> 
     </span>
     <span class='ocr_line' id='line_1_31' title="bbox 295 4116 1352 4206; baseline 0.008 -26"><span class='ocrx_word' id='word_1_216' title='bbox 295 4117 407 4180; x_wconf 88' lang='lat' dir='ltr'>maiore</span> <span class='ocrx_word' id='word_1_217' title='bbox 433 4117 588 4198; x_wconf 85' lang='lat' dir='ltr'>molimine</span> <span class='ocrx_word' id='word_1_218' title='bbox 613 4116 822 4201; x_wconf 84' lang='lat' dir='ltr'>eorrigendurn</span> <span class='ocrx_word' id='word_1_219' title='bbox 848 4118 887 4182; x_wconf 89' lang='lat' dir='ltr'>sit</span> <span class='ocrx_word' id='word_1_220' title='bbox 911 4128 1011 4205; x_wconf 81' lang='grc' dir='ltr'><strong><em>ῥῇον</em></strong></span> <span class='ocrx_word' id='word_1_221' title='bbox 1036 4122 1095 4206; x_wconf 83' lang='grc' dir='ltr'>ό’ἤ</span> <span class='ocrx_word' id='word_1_222' title='bbox 1118 4131 1260 4205; x_wconf 87' lang='grc' dir='ltr'><strong><em>σιγᾶν·</em></strong></span> <span class='ocrx_word' id='word_1_223' title='bbox 1287 4127 1352 4188; x_wconf 69' lang='lat' dir='ltr'>nrt.</span> 
     </span>
    </p>

    <p class='ocr_par' dir='ltr' id='par_1_11' title="bbox 343 4215 1420 4320">
     <span class='ocr_line' id='line_1_32' title="bbox 343 4215 1420 4320; baseline 0.008 -29"><span class='ocrx_word' id='word_1_224' title='bbox 343 4229 393 4296; x_wconf 86' lang='lat' dir='ltr'>Vs.</span> <span class='ocrx_word' id='word_1_225' title='bbox 418 4231 500 4308; x_wconf 81' lang='grc'><strong><em>668,</em></strong></span> <span class='ocrx_word' id='word_1_226' title='bbox 523 4215 705 4317; x_wconf 45' lang='lat' dir='ltr'>‘comparato</span> <span class='ocrx_word' id='word_1_227' title='bbox 730 4232 820 4297; x_wconf 89' lang='lat' dir='ltr'>simili</span> <span class='ocrx_word' id='word_1_228' title='bbox 846 4233 930 4310; x_wconf 85' lang='lat' dir='ltr'>loeo,</span> <span class='ocrx_word' id='word_1_229' title='bbox 960 4236 1026 4300; x_wconf 78' lang='lat'>419</span> <span class='ocrx_word' id='word_1_230' title='bbox 1051 4255 1111 4318; x_wconf 67' lang='lat' dir='ltr'>sq„</span> <span class='ocrx_word' id='word_1_231' title='bbox 1135 4234 1281 4320; x_wconf 83' lang='lat' dir='ltr'>suspicari</span> <span class='ocrx_word' id='word_1_232' title='bbox 1303 4234 1420 4320; x_wconf 87' lang='lat' dir='ltr'>possis:</span> 
     </span>
    </p>
   </div>
   <div class='ocr_carea' id='block_1_3' title="bbox 991 4347 1243 4436">
    <p class='ocr_par' dir='ltr' id='par_1_12' title="bbox 991 4347 1243 4436">
     <span class='ocr_line' id='line_1_33' title="bbox 991 4347 1243 4436; baseline -0.008 -18"><span class='ocrx_word' id='word_1_233' title='bbox 991 4349 1043 4418; x_wconf 83' lang='grc' dir='ltr'>οἶά</span> <span class='ocrx_word' id='word_1_234' title='bbox 1067 4379 1125 4436; x_wconf 82' lang='grc' dir='ltr'>περ</span> <span class='ocrx_word' id='word_1_235' title='bbox 1149 4347 1243 4416; x_wconf 77' lang='grc' dir='ltr'><strong><em>οἶδα</em></strong></span> 
     </span>
    </p>
   </div>
   <div class='ocr_carea' id='block_1_4' title="bbox 295 4464 1420 4780">
    <p class='ocr_par' dir='ltr' id='par_1_13' title="bbox 295 4464 1420 4780">
     <span class='ocr_line' id='line_1_34' title="bbox 518 4464 919 4550; baseline -0.002 -21"><span class='ocrx_word' id='word_1_236' title='bbox 518 4464 575 4529; x_wconf 74' lang='lat' dir='ltr'>otiu</span> <span class='ocrx_word' id='word_1_237' title='bbox 599 4467 643 4530; x_wconf 80' lang='grc' dir='ltr'>όν</span> <span class='ocrx_word' id='word_1_238' title='bbox 667 4471 828 4550; x_wconf 81' lang='grc' dir='ltr'><strong><em>σιγῴην</em></strong></span> <span class='ocrx_word' id='word_1_239' title='bbox 853 4472 919 4533; x_wconf 78' lang='grc' dir='ltr'><strong><em>ιιτὲ.</em></strong></span> 
     </span>
     <span class='ocr_line' id='line_1_35' title="bbox 295 4573 1420 4666; baseline 0.004 -28"><span class='ocrx_word' id='word_1_240' title='bbox 295 4573 387 4660; x_wconf 89' lang='lat' dir='ltr'>idque</span> <span class='ocrx_word' id='word_1_241' title='bbox 412 4598 506 4663; x_wconf 92' lang='lat' dir='ltr'>prope</span> <span class='ocrx_word' id='word_1_242' title='bbox 528 4577 651 4656; x_wconf 88' lang='lat' dir='ltr'>absum,</span> <span class='ocrx_word' id='word_1_243' title='bbox 676 4582 711 4640; x_wconf 88' lang='lat' dir='ltr'>ut</span> <span class='ocrx_word' id='word_1_244' title='bbox 727 4599 830 4643; x_wconf 89' lang='lat' dir='ltr'>verum</span> <span class='ocrx_word' id='word_1_245' title='bbox 847 4602 911 4644; x_wconf 87' lang='lat' dir='ltr'>esse</span> <span class='ocrx_word' id='word_1_246' title='bbox 926 4586 1041 4666; x_wconf 87' lang='lat' dir='ltr'>putam.</span> <span class='ocrx_word' id='word_1_247' title='bbox 1066 4578 1191 4664; x_wconf 83' lang='lat' dir='ltr'>Bergkii</span> <span class='ocrx_word' id='word_1_248' title='bbox 1207 4579 1285 4644; x_wconf 84' lang='lat' dir='ltr'>enirn</span> <span class='ocrx_word' id='word_1_249' title='bbox 1304 4577 1420 4643; x_wconf 84' lang='lat' dir='ltr'>ooniac-</span> 
     </span>
     <span class='ocr_line' id='line_1_36' title="bbox 297 4690 1419 4780; baseline 0.004 -26"><span class='ocrx_word' id='word_1_250' title='bbox 297 4695 385 4772; x_wconf 85' lang='lat' dir='ltr'>tura,</span> <span class='ocrx_word' id='word_1_251' title='bbox 416 4690 454 4757; x_wconf 91' lang='lat' dir='ltr'>de</span> <span class='ocrx_word' id='word_1_252' title='bbox 486 4714 545 4778; x_wconf 88' lang='lat' dir='ltr'>qua</span> <span class='ocrx_word' id='word_1_253' title='bbox 575 4691 638 4757; x_wconf 87' lang='lat' dir='ltr'>dixi</span> <span class='ocrx_word' id='word_1_254' title='bbox 669 4713 738 4777; x_wconf 84' lang='lat' dir='ltr'>pag.</span> <span class='ocrx_word' id='word_1_255' title='bbox 765 4695 824 4773; x_wconf 78' lang='lat'>28,</span> <span class='ocrx_word' id='word_1_256' title='bbox 853 4694 911 4760; x_wconf 88' lang='lat' dir='ltr'>hoe</span> <span class='ocrx_word' id='word_1_257' title='bbox 941 4694 1062 4760; x_wconf 89' lang='lat' dir='ltr'>laborat</span> <span class='ocrx_word' id='word_1_258' title='bbox 1091 4692 1302 4773; x_wconf 80' lang='lat' dir='ltr'>incommodo,</span> <span class='ocrx_word' id='word_1_259' title='bbox 1337 4693 1419 4780; x_wconf 91' lang='lat' dir='ltr'>quod</span> 
     </span>
    </p>
   </div>
   <div class='ocr_carea' id='block_1_5' title="bbox 0 0 1645 5374">
    <p class='ocr_par' dir='ltr' id='par_1_14' title="bbox 0 0 1645 5374">
     <span class='ocr_line' id='line_1_37' title="bbox 0 0 1645 5374; baseline 0 0"><span class='ocrx_word' id='word_1_260' title='bbox 0 0 1645 5374; x_wconf 95' lang='lat' dir='ltr'> </span> 
     </span>
    </p>
   </div>
  </div>
 </body>
</html>
