3270 5374
319 559 378 611 Vlll

250 701 257 716 ’
317 730 499 799 sedetiam
527 729 564 796 ab
582 727 729 796 convicia
751 735 783 796 ct
806 727 960 806 dicteria,
987 728 1105 817 quibus
1124 729 1235 796 iratres
1255 737 1354 817 poeta
1377 730 1442 796 im·

316 868 441 957 potanti
457 867 573 964 linqua
587 866 777 955 frequenter
797 865 974 952 factionem
996 868 1206 954 popularem,
1227 867 1383 936 nonnihil
1396 904 1437 918 --

211 989 214 996 Δ
319 1010 406 1099 quod
431 1007 570 1077 aliunde
601 973 726 1086 constat
758 1045 800 1056 --
827 1008 894 1074 tate
930 1005 1012 1096 quid
1045 1007 1216 1088 meritam,
1242 1009 1438 1095 proscindit.

319 1148 410 1217 Haec
433 1150 535 1226 enim,
559 1147 699 1214 nisime
721 1147 813 1230 saliit
833 1146 959 1234 opinio,
982 1146 1208 1235 tudimapistri
1223 1145 1441 1216 Athenienses

317 1288 355 1354 in
368 1287 528 1376 lioriiepio
544 1286 760 1375 componmdo
773 1286 885 1374 potius
902 1285 1100 1366 omisissent,
1118 1286 1261 1354 contenti
1281 1286 1333 1366 iis,
1351 1305 1438 1377 qaae

318 1427 363 1495 ad
385 1447 489 1494 mores
512 1427 665 1515 uitaeque
687 1447 784 1493 usum
804 1425 1012 1513 pertinentia
1031 1427 1069 1493 iu
1091 1427 1242 1512 pnomica
1265 1427 1329 1494 itta
1346 1428 1442 1515 poesi

316 1565 553 1655 reperirmtur.
590 1562 702 1644 Quare
723 1583 790 1631 nou
814 1563 925 1632 dubito
946 1565 1028 1654 quin
1049 1565 1317 1656 antiquissimae
1340 1564 1439 1634 Tiac-

314 1706 442 1795 pnideis
464 1704 666 1772 carminibus
682 1711 838 1792 encerpta
851 1704 1032 1774 debeantur
1044 1703 1300 1786 Aleuandrinis,
1319 1706 1441 1794 quibus

315 1843 403 1912 uidit
421 1845 558 1912 iliorum
582 1842 753 1931 offensioni
774 1843 875 1929 fuisse
898 1865 991 1912 nemo
1017 1844 1207 1912 mirabitur.

354 1986 531 2079 *Tpporum
554 1985 654 2063 uitia,
681 1991 845 2074 quatenus
866 1983 1017 2051 tectorem
1042 1983 1171 2050 morari
1190 1982 1333 2070 possint.
1355 1979 1439 2047 daec

315 2134 403 2194 suni.
449 2125 532 2213 Pap.
556 2121 663 2206 MS
687 2119 1012 2211 ei'10,lioduddrr1‚
1036 2122 1057 2189 l.
1079 2125 1244 2209 odrrdami·
1269 2121 1352 2210 Pap.
1377 2117 1435 2198 Η,

261 2282 263 2286 ’
316 2262 361 2330 m
378 2263 441 2332 ἅτ’.
480 2263 736 2352 Perspicuitatis
757 2285 874 2331 carossa
896 2263 1052 2331 dederam
1080 2271 1119 2344 ἅ,
1139 2265 1176 2333 τ’.
1223 2261 1438 2352 Popilius.

250 2429 252 2434 ·
315 2403 432 2470 ultimo
470 2404 659 2471 volueram:
692 2409 788 2488 prodo
818 2409 931 2489 ἔρον,
963 2410 1006 2482 ὡς
1035 2405 1216 2492 χαλεπὸς
1248 2411 1336 2482 κτέ.,’
1358 2423 1438 2490 puy.

234 2543 244 2549 “
315 2539 377 2616 30,
404 2539 468 2609 m:
492 2547 540 2632 sip
566 2563 639 2610 cum
661 2542 731 2610 iota
750 2542 945 2630 subscripto,
967 2565 1043 2632 pap.
1066 2542 1124 2623 di,
1146 2542 1208 2610 M:
1227 2561 1383 2632 respuere
1406 2551 1440 2610 et

315 2652 436 2749 ididem
465 2681 501 2747 in
527 2689 624 2770 nota:
654 2679 777 2770 Nempe
796 2681 967 2760 iuuentus,
991 2688 1029 2748 ut
1050 2689 1197 2769 orpuunt
1215 2681 1317 2749 uerba
1336 2693 1437 2772 γῆρας

316 2829 390 2889 cett.
409 2859 454 2871 ——
476 2823 537 2906 (ad
563 2823 784 2891 coniecturam
806 2823 846 2909 cs.
870 2819 935 2889 5n7
958 2821 1023 2911 sq.)
1047 2820 1085 2888 P.
1103 2819 1156 2902 oe,
1172 2819 1212 2888 31
1233 2826 1437 2913 δυσσέβειαν.

365 2960 636 3042 Tamudtuariae‚
661 2982 738 3029 nura
772 2962 844 3029 alio
871 2963 1074 3050 appartient,
1102 2963 1341 3050 compositionis
1371 2983 1435 3052 quo

312 3101 447 3189 [acidior
467 3123 547 3168 usus
568 3103 668 3188 soret,
694 3101 812 3169 addidi
838 3066 978 3170 indicem
1001 3103 1263 3190 praecipuarum
1286 3104 1437 3170 novatio·

313 3258 395 3306 uum
418 3247 449 3307 et
472 3239 617 3306 aliorum
640 3239 866 3328 quorundam,
895 3260 982 3330 quae
1003 3238 1063 3306 icoc
1084 3240 1193 3308 libello
1214 3241 1435 3310 continentur.

313 3402 449 3456 Scribebom
465 3415 582 3454 reusam
599 3417 634 3454 oo
653 3417 778 3464 suenum,

448 3511 527 3546 mense
548 3496 647 3547 Mettio.
