3270 5374
740 595 780 658 29

245 781 346 847 Nemo
369 780 457 876 facile
478 781 567 846 fidem
591 780 713 847 habebit
729 781 860 867 Borgkio
876 779 1073 845 contendenti
1102 781 1237 868 Μηλίου
1250 779 1282 844 h.
1298 778 1320 844 l.

198 897 316 962 dictum
347 920 412 962 esse
439 919 493 982 pro
524 898 700 983 Μηλιῶς
731 895 794 960 sive
817 897 1056 982 Μηλιοικοό.
1094 885 1322 972 Βοοίο,ὀιοόο

196 1013 286 1078 locus
310 1035 400 1076 sanus
424 1013 478 1092 sit,
506 1011 652 1094 Hartung
675 1010 894 1096 interpretatur
922 1009 958 1074 dc
987 1009 1061 1073 mari
1089 1008 1167 1073 eirca
1190 1007 1323 1071 insulam

200 1125 330 1196 Melum.
363 1126 446 1190 Nolo
463 1135 564 1192 tamen
584 1125 705 1191 diffiteri
722 1125 797 1190 mire
814 1125 931 1190 dietum
951 1147 1017 1189 esse
1034 1131 1216 1212 φερόμεσθοι
1240 1132 1323 1210 Μη-

203 1245 298 1311 λίου
322 1247 337 1308 ε’
348 1272 365 1310 κ
385 1249 555 1320 πόντου,
581 1241 632 1305 ubi
651 1241 857 1324 expectaveris
873 1241 994 1328 Μηλίῳ
1012 1241 1040 1309 ’ν
1058 1249 1166 1328 πόντῳ
1185 1236 1243 1323 (Of.
1261 1237 1322 1302 Sol.

206 1362 264 1436 la,
289 1359 331 1421 43
357 1360 446 1443 sqq.),
471 1356 518 1422 vel
532 1355 651 1440 potius,
675 1355 745 1440 quia
772 1355 862 1419 etiam
886 1355 951 1419 sine
975 1361 1155 1440 tempestate
1170 1375 1230 1419 nox
1254 1352 1323 1417 obs-

204 1495 275 1538 cura
297 1495 362 1538 esse
382 1479 486 1559 potest
508 1479 537 1535 et
565 1470 729 1556 requiritur
749 1470 811 1535 fere
835 1471 1025 1556 tempestatis
1055 1470 1167 1534 diserta
1191 1471 1322 1545 mentio,

205 1588 365 1674 auspiceris
385 1593 507 1673 poetam
536 1585 672 1651 dedisse:

340 1703 574 1792 χειμερίην
599 1710 740 1788 πόντῳ
767 1710 869 1770 auara
894 1703 948 1768 διά
973 1703 1143 1788 δνοφερήυ.

251 1817 307 1882 Sed
326 1816 386 1882 alia
413 1823 503 1895 sunt,
531 1838 607 1901 quac
627 1816 659 1880 in
681 1815 883 1902 pulcherrima
907 1813 1002 1898 elegia
1026 1812 1194 1878 offendunt.
1220 1811 1324 1894 Media

205 1933 286 1998 enim
310 1932 456 2017 'allegoria
484 1931 587 1996 subito
615 1937 752 2016 postus.
778 1932 840 1995 676
872 1928 1070 2024 frigidissime
1085 1928 1327 2012 interrumpitur

205 2047 263 2112 hoo
290 2047 438 2111 disticho:

295 2172 440 2252 χρήματα
464 2161 492 2227 δ’
517 2163 697 2248 ἁρπάζουσι
722 2165 795 2249 βίη,
819 2169 931 2246 κόσμος
956 2157 984 2226 δ’
1002 2160 1180 2233 οἷπόλωλεν,

294 2279 412 2362 δασμός
437 2274 466 2344 δ’
490 2279 627 2345 οὐκέτ’
649 2281 739 2355 ἰ’σος
762 2282 888 2358 γίνεται
913 2281 943 2353 ἐς
967 2283 1003 2343 τό
1030 2277 1146 2358 μέσον,

204 2413 267 2476 quo
301 2398 455 2474 praeterea
493 2391 571 2455 male
608 2390 811 2468 divelluntur,
850 2378 930 2474 quae¹
966 2389 1134 2454 arctissime
1172 2384 1325 2473 iungenda

205 2513 297 2570 suut:
336 2511 604 2594 κυβερνήτην
640 2510 714 2590 μὲν
754 2506 947 2574 ἔπαυσαν
989 2511 1019 2567 et
1055 2509 1259 2591 φορτημοί
1296 2501 1325 2568 δ’

203 2629 226 2688 ἄ
292 2646 396 2688 avua.

236 2650 477 2820 QIirterpolatoris
498 2755 560 2797 esse
584 2733 639 2799 hos
662 2755 783 2812 versus,
806 2732 984 2818 allegoriam
1008 2731 1258 2818 interpretantis,
1277 2731 1326 2795 vix

205 2849 324 2916 dubito.
374 2849 500 2914 Frustra
524 2849 724 2932 corriguntur.
772 2848 851 2913 Oum
874 2848 972 2934 priore
1002 2849 1042 2913 cf.
1072 2870 1116 2910 vs.
1142 2849 1215 2911 346.

253 2964 311 3028 Sed
328 2986 424 3050 pauca
439 2964 557 3048 agenda
575 2987 729 3050 superesse
745 2963 952 3029 animadverto
969 2963 1002 3027 in
1018 2961 1215 3048 praegressis.
1247 2958 1329 3025 Nam

208 3079 291 3145 haud
314 3102 384 3144 sane
407 3079 557 3144 immerito
581 3079 639 3143 viri
664 3079 744 3143 docti
767 3079 927 3144 haeserunt
949 3079 983 3143 in
1006 3101 1064 3142 τοι.
1091 3078 1155 3140 649
1177 3097 1260 3162 sqq.:

301 3183 355 3262 ἴΑ
384 3198 471 3280 δειλὴ
500 3199 614 3282 πενίη,
642 3199 673 3262 τί
692 3199 778 3280 ε’μοῖς
803 3195 989 3281 ἐπικειμένη
1012 3198 1109 3280 ὤμοις

304 3317 392 3397 σῶμα
417 3318 641 3402 καταισχύνεις
666 3318 720 3379 καί
746 3318 819 3379 νόον
845 3312 1012 3396 ήμέτερον,·

302 3432 416 3515 αἰσχρά
441 3429 483 3495 δέ
505 3427 539 3512 μ’
562 3432 619 3496 oda
641 3428 799 3495 ἐθέλοντα
823 3429 877 3513 βίη
904 3432 974 3491 καί
1000 3424 1106 3492 πολλά
1131 3424 1293 3500 διδάσκεις

304 3544 405 3608 ἐσθλά
428 3541 508 3626 μετ’
532 3545 766 3629 ἀνθρώπων
791 3545 859 3607 καί
883 3538 972 3606 κάλ’
996 3547 1221 3625 ἐπιστάμενον.

259 3654 317 3717 Sed
339 3655 450 3719 iniuria
479 3677 536 3747 vs⁸¹
551 3658 613 3720 651
633 3679 687 3740 pro
711 3654 860 3720 intensiva
876 3654 1025 3738 particula
1041 3659 1097 3722 καί
1104 3705 1113 3734 ,
1141 3675 1232 3738 quam
1259 3651 1332 3716 libri

214 3767 347 3848 habent,
363 3793 398 3834 ex
425 3770 555 3836 Stobaeo
579 3777 733 3855 receptum
755 3777 801 3834 est
829 3779 923 3850 κακά,
947 3793 1004 3836 nec
1027 3770 1124 3854 magis
1145 3767 1333 3854 probaverim

215 3883 371 3970 Hartungi
398 3885 597 3950 coniecturam
624 3892 678 3953 καί
705 3888 826 3953 δειλά
849 3906 901 3970 pro
924 3891 978 3953 καί
1003 3887 1155 3962 πολλά,
1177 3882 1257 3968 quod
1283 3903 1332 3946 sa·

215 3999 373 4064 nissimum
401 4007 456 4066 est.
505 4000 601 4079 Mihi,
625 4000 819 4085 μειλίσσοιο
843 4001 1000 4084 Emporio,
1022 4000 1151 4064 alterum
1178 3997 1330 4064 distichon

216 4114 259 4179 sic
284 4113 527 4179 constituendum
551 4115 686 4181 videtur:
875 4199 877 4204 ι

261 4236 376 4320 αἰσχρά
401 4236 476 4320 γάρ
499 4233 570 4300 οὐκ
594 4234 752 4300 ἐθέλοντα
774 4235 829 4318 βίη
854 4239 920 4298 καί
945 4232 1079 4299 πολλά
1103 4232 1265 4308 διδάσκεις

262 4347 366 4415 ἐσθλά
385 4376 430 4436 με
454 4352 719 4435 τάνθρώπων
743 4353 813 4416 καί
833 4326 920 4433 μάλ’
944 4353 1168 4434 ἐπιστάμενον.

263 4461 389 4549 Aliquid
413 4462 491 4527 vidit
513 4485 571 4527 vau
593 4461 643 4527 der
667 4462 739 4547 Moy
761 4461 793 4525 in
816 4484 874 4528 vss.
899 4463 963 4525 659
986 4483 1049 4546 sq.,
1076 4461 1145 4540 sed,
1165 4469 1201 4528 ut
1219 4458 1333 4525 Home·

220 4579 299 4642 mous
324 4579 549 4661 Agamemnon,
578 4581 614 4645 οὐ
637 4578 728 4657 τέλος
750 4581 836 4645 ίκετο
856 4585 983 4664 μιίθων.
1020 4575 1107 4643 Libri
1127 4574 1253 4642 habent:

264 4693 332 4762 οὐδ’
351 4697 463 4781 ὀμόσαι
488 4700 544 4782 χρὴ
568 4695 660 4760 τοῦθ’
683 4695 742 4759 ότι
765 4701 887 4778 μήποτε
909 4703 1039 4780 πρῆγμά
1062 4689 1131 4762 τόδ’
1155 4695 1237 4774 ἕςοιι·
