3270 5374
750 565 791 626 45

220 745 342 830 φίλος
366 742 401 811 εἶ
423 743 569 809 affirmare
589 766 650 811 non
675 746 782 812 ausim.
825 747 894 812 Hoc
913 753 1043 826 certum,
1071 749 1219 814 immerito
1238 749 1335 814 virum

220 856 423 923 doctissimum
458 881 579 945 carpere
604 882 664 924 nou
694 852 878 927 intellectam
896 861 955 928 sibi
986 863 1176 948 ingeniosam
1209 863 1332 948 Bergkii

219 971 438 1057 suspicionem,
463 993 507 1037 vs.
533 974 617 1038 1259
642 995 685 1058 sq.
714 974 757 1040 sio
779 974 952 1040 scribendos
976 998 1057 1042 esse:
1213 1054 1217 1062 ι

264 1080 288 1151 ὦ
312 1096 390 1166 παῖ,
422 1094 479 1172 τὴν
503 1096 626 1174 μορφὴν
650 1094 708 1174 μὲν
733 1095 811 1176 ἔφυς
835 1092 932 1170 καλός
941 1140 951 1171 ,
974 1093 1045 1159 ἀλλ’
1069 1096 1228 1162 ἐπίκειται

265 1209 413 1290 καρτερος
435 1204 640 1288 οἰμμωνὼν
668 1217 705 1291 σῇ
731 1206 853 1292 κεφαλῇ
875 1208 1022 1289 ςέφανος·

266 1321 390 1385 lariaco
413 1323 474 1404 γὰρ
497 1322 580 1406 ἔχεις
605 1325 670 1386 ιιτέ.

220 1430 273 1496 ubi
295 1437 499 1518 οἰγνὼμων
523 1439 569 1497 cst
591 1428 624 1496 in
648 1431 741 1498 libris.
769 1430 815 1496 uf.
831 1432 885 1524 ped.
910 1433 972 1500 III.
1001 1432 1083 1498 Serio
1096 1439 1199 1499 autem
1213 1454 1270 1498 van
1284 1433 1338 1500 der

220 1545 291 1632 Moy
311 1547 471 1612 contendit
491 1548 612 1632 vulgata
623 1547 700 1613 nihil
713 1568 778 1613 esse
790 1546 953 1626 sincerius,
972 1530 1218 1633 ¹quandoquidem
1231 1550 1337 1629 οἰγνώ·

219 1691 287 1748 μων
308 1661 347 1726 sit
369 1660 543 1728 Vocativus.
567 1663 657 1730 Esto:
682 1661 735 1728 sed
747 1661 838 1726 fidem
851 1682 913 1727 non
925 1668 996 1726 ante
1009 1660 1144 1740 habebo,
1162 1684 1251 1747 quam
1266 1661 1340 1727 milri

221 1774 418 1859 explicuerit,
439 1774 513 1860 quid
537 1775 579 1840 ita
603 1774 661 1839 sibi
684 1774 780 1839 velint
802 1774 906 1840 verba:
933 1780 1091 1845 ἐπίκειται
1125 1781 1276 1864 καρτερὸς
1301 1788 1339 1865 σῇ

221 1891 346 1976 κεφαλῇ
360 1893 515 1975 ςέφανος,
538 1912 631 1976 quae,
657 1889 772 1958 adscita
797 1889 922 1978 Bergkii
947 1889 1140 1969 coniectura,
1165 1891 1246 1956 clara
1269 1891 1338 1957 luce
1442 1873 1445 1878 ¹

220 2001 436 2086 splendebunt.
486 2009 670 2091 Ἀνεμωναί
694 2005 775 2068 enim
808 2005 905 2071 dictae
928 2003 967 2069 ab
990 2015 1134 2092 ἄνεμος,
1159 2006 1262 2092 itaque
1292 2013 1340 2071 sat

188 2165 191 2173 -
221 2118 376 2203 eleganter
392 2119 507 2185 homini
523 2120 582 2185 levi
608 2126 640 2184 et
662 2120 747 2186 inani
776 2129 808 2186 et
835 2121 1022 2187 inconstanti
1041 2120 1233 2202 exprobatur,
1257 2119 1339 2207 quod

223 2256 363 2300 coronam
387 2241 489 2319 gestet
511 2258 616 2300 nexam
638 2237 803 2303 anemonis.
830 2235 875 2302 cf.
900 2236 1029 2302 Luciau.
1052 2235 1162 2322 lexiph.
1194 2238 1235 2300 23
1258 2238 1337 2324 μηδὲ

222 2374 255 2416 σε
283 2351 485 2432 θελγέτωσαν
512 2357 554 2418 αἱ
575 2353 791 2436 α’νεμῶναι
816 2357 880 2420 τῶν
906 2353 1019 2434 λόγων.

268 2461 319 2528 Vs.
343 2464 447 2529 12⁷3:
849 2471 885 2532 εἰι
906 2467 940 2532 δέ
965 2465 1115 2534 θοελλὼν

356 2578 431 2665 ἦκά
453 2577 483 2662 γ’
508 2583 711 2666 ἐνωρμὶσθην
737 2582 851 2655 ννιιτός
871 2579 1163 2664 ἐπειγομένης.
1216 2609 1223 2633 ι

268 2691 392 2777 Aliquid
414 2692 480 2757 vitii
503 2691 627 2757 subesse
650 2691 726 2757 bene
748 2691 967 2757 intellexerunt
990 2691 1047 2756 riri
1070 2691 1167 2770 docti,
1192 2690 1244 2754 sed
1264 2688 1338 2755 male

225 2814 386 2873 tentarunt
408 2831 515 2874 sanum
537 2809 643 2894 procul
662 2806 754 2874 dubio
768 2805 965 2884 vocabulum,
980 2805 1071 2891 ἦιιαε
1097 2803 1197 2888 Bergk
1213 2803 1337 2872 οἴκαδ’

225 2928 426 3012 ἐνωρμέοθην
458 2922 636 3002 conficiens,
667 2920 748 3007 quod
782 2920 833 2986 vix
863 2920 1013 2985 Graecum
1041 2925 1102 3001 est,
1138 2919 1281 3003 Hartung
1301 2925 1339 2997 ’ἐς

225 3039 357 3124 λιμέν’
378 3044 563 3127 ώρμίσθην,
590 3035 669 3124 quod
692 3041 773 3100 recte
796 3057 869 3100 saue
890 3033 949 3100 dici
972 3035 1085 3120 potuit.

269 3151 408 3217 Fortasse
431 3151 641 3218 scribendum:

227 3237 235 3260 ι
844 3271 878 3332 εἰι
903 3266 937 3331 δέ
964 3266 1111 3334 θνελλῶν

402 3382 456 3468 ἦκ’
479 3389 494 3450 ε’
502 3384 555 3466 γὼ
575 3385 742 3468 ὦρμίοθην
764 3385 880 3459 ννιιτὸς
903 3379 1132 3464 ἐπειγομένων.

225 3495 248 3562 i.
272 3520 298 3562 e.
322 3502 356 3564 εἰν
385 3498 419 3564 δέ
451 3498 598 3566 θνελλῶν
627 3498 742 3572 νυκτὸς
765 3494 980 3579 ἐπειγομένων
1003 3493 1112 3558 samm
1135 3513 1188 3578 epo
1212 3502 1340 3578 porilem

225 3611 422 3698 tranquillum
444 3621 548 3674 noctus
562 3633 636 3676 sam.
671 3607 754 3674 Male
771 3608 871 3692 Bergk
897 3608 1010 3693 recepit
1025 3608 1057 3672 in
1081 3609 1129 3675 ed.
1144 3606 1197 3671 III
1217 3606 1343 3672 Passuri

226 3727 425 3793 coniecturam
450 3729 674 3813 ἐπειγομένης,
699 3746 793 3810 quum
816 3721 1020 3809 ἔπειγομενος
1043 3722 1083 3787 sit
1107 3722 1140 3787 in
1160 3721 1343 3787 Mutinensi.

226 3842 292 3928 Ego
336 3841 442 3927 scripsi
490 3843 704 3926 ἐπειγομένων
747 3838 919 3905 recordatus
958 3837 1017 3904 loci
1059 3835 1215 3902 Homerici
1252 3833 1342 3902 Iliad.

226 3956 261 4025 Ε.
285 3959 358 4024 501.
384 3955 441 4020 Sed
466 3963 668 4043 ἐπειγόμενος
689 3953 883 4041 depravatum
911 3974 974 4018 esse
997 3951 1131 4018 noudum
1155 3950 1297 4037 spondeo.

271 4070 323 4136 Va.
349 4071 432 4136 1275
457 4091 540 4156 sqq.:
821 4069 827 4078 ’

313 4189 445 4272 ‘stadios'
469 4193 523 4252 nal
547 4185 653 4269 ’Ἔρως
676 4185 897 4264 ἐπιτέλλεται,
920 4187 1018 4269 ἡνίκα
1041 4211 1100 4270 πὲρ
1123 4191 1163 4266 νῆ

314 4309 452 4371 ἄνθεσιν
477 4308 630 4388 εἰαρινοῖς
649 4299 764 4367 θάλλει
788 4301 965 4386 αἐξομένη·

315 4427 410 4501 τῆμος
432 4415 539 4502 ’Ἔρως
566 4414 733 4498 προλιπὼν
757 4418 912 4499 Κύπρον,
936 4412 1134 4497 περικαλλέα
1160 4420 1276 4496 νῆσον,

315 4528 395 4599 εἶσιν
419 4532 466 4596 ἐπ’
488 4532 682 4612 ἀνθρώπους
702 4527 825 4612 σπέρμα
849 4527 951 4612 φέρων
972 4534 1079 4595 κατὰ
1100 4533 1184 4610 γῆς.

271 4642 468 4710 Manifestum
483 4651 530 4707 est
545 4648 663 4729 poetam
682 4641 739 4706 hoo
755 4640 871 4706 dicere:
897 4640 997 4708 Vacuo
1010 4654 1160 4730 tempore,
1173 4641 1224 4706 aot
1241 4639 1343 4706 anua
