3270 5374
750 571 766 636 7
848 569 850 574 .

291 759 459 847 Κιβδήλον
480 758 508 825 d'
529 761 645 846 ἀνδρὸς
669 763 793 841 γνῶναι
820 759 1045 847 χαλεπώτερον
1071 758 1185 835 οὐδέν,

287 872 400 959 der'.
425 873 491 941 οὐδ’
519 873 670 960 titudine
695 877 739 950 ἐςὶ
768 877 839 958 περὶ
864 873 1010 952 πλέονος.
1114 957 1120 970 ⁸

245 987 344 1051 Hodie
383 1009 471 1065 vero,
512 1009 543 1050 re
579 986 759 1070 diligentins
794 1009 956 1071 perpensa,
995 1009 1094 1073 neque
1129 985 1317 1052 adulterinos

198 1125 305 1168 censeo
337 1125 403 1166 cnm
435 1101 609 1186 Hartungio
642 1122 740 1185 neque
765 1109 942 1185 corruptos,
971 1109 1005 1166 ut
1029 1101 1154 1167 videtur
1176 1102 1316 1187 Bergkio.

199 1217 362 1283 Commode
392 1217 473 1281 enim
504 1217 578 1281 licet
608 1199 841 1302 interpretarir'
860 1223 914 1283 καὶ
949 1223 1043 1287 cridia
1075 1226 1148 1304 περὶ
1180 1220 1316 1298 πλέονός

200 1340 266 1412 ἐςιν
291 1335 464 1420 adinplire:
493 1332 727 1418 necquicquam
751 1343 794 1396 eat
810 1333 931 1396 cautela
948 1319 1173 1417 praestantius,
1197 1333 1260 1399 scil.
1283 1333 1315 1399 in

199 1469 255 1511 usu
287 1446 453 1511 hominum.
502 1444 570 1525 Qua
605 1445 757 1509 sententia
789 1444 862 1529 qnid
895 1452 950 1508 aut
984 1446 1084 1510 verina
1108 1454 1161 1512 ant
1185 1447 1316 1514 clarius?

197 1563 289 1638 Rem,
316 1568 353 1626 ut
375 1560 479 1639 video,
502 1583 558 1626 acu
581 1560 642 1625 iam
666 1561 769 1645 teligit
792 1560 988 1627 Camerarius.

240 1677 325 1742 Bona
358 1684 458 1742 antem
490 1677 704 1762 interpretatio
729 1700 820 1763 qnam
844 1677 992 1762 praeclare
1016 1676 1137 1761 saepius
1150 1678 1315 1762 ingentem

196 1793 308 1859 levium
332 1793 574 1889 coniecturarum
597 1793 711 1858 nubem
732 1793 818 1878 fuget
842 1793 1028 1879 dissipetquc
1047 1793 1204 1858 luculento
1220 1814 1317 1876 nuper

196 1909 334 1994 exemplo
365 1908 501 1973 ostendit
533 1930 591 1972 van
624 1909 676 1972 der
704 1909 776 1993 Mey
802 1908 949 1973 librorum
973 1908 1135 1972 lectionem
1158 1906 1315 1971 vindicans

195 2025 226 2088 in
251 2045 307 2089 ves.
334 2024 518 2089 595-598.
565 2021 625 2087 Oui
649 2023 817 2108 praeiverat
840 2023 901 2088 iam
925 2023 1068 2088 Welcker
1091 2044 1158 2108 pag.
1179 2024 1242 2086 lua
1264 2021 1311 2089 ed.

199 2161 271 2204 snae
298 2139 370 2204 haec
393 2138 548 2203 verissime
572 2146 740 2204 annotans:
768 2139 940 2224 „siquidem
963 2145 1052 2224 poeta
1081 2159 1206 2219 „revera
1229 2135 1313 2201 abdi-

202 2260 270 2332 ,πον
306 2254 478 2340 ambipuum
512 2252 640 2317 amicum
676 2253 727 2317 scd
762 2253 888 2316 lenitate
920 2276 993 2319 usus
1026 2275 1088 2317 non
1123 2275 1247 2338 prorsus
1283 2274 1314 2316 se

198 2368 369 2448 „amicitiae
401 2367 557 2432 vinculum
587 2367 766 2449 abrumpere
796 2368 858 2448 ait,
888 2367 1062 2432 interiorem
1083 2372 1208 2433 tantum
1232 2366 1314 2430 illius

198 2481 457 2562 „familiaritatem
492 2481 615 2564 lugere:
649 2481 729 2565 qnod
758 2481 872 2545 illene
901 2481 1047 2560 miretur,
1079 2503 1148 2546 cum
1171 2481 1215 2546 ita
1238 2479 1314 2544 ierat

197 2597 350 2677 ''hominis
387 2605 514 2669 natura,
550 2603 584 2660 ut
618 2596 745 2661 variatio
776 2597 919 2675 delectet,
950 2597 1047 2680 igitur
1077 2595 1164 2680 quasi
1201 2618 1254 2660 ena
1277 2595 1310 2660 id

180 2713 183 2728 '
196 2712 305 2796 „culpa
327 2713 381 2776 fiat
405 2735 466 2776 non
488 2709 603 2776 illius.’'
652 2710 804 2775 Similiter
827 2710 973 2775 librorum
998 2710 1146 2795 scriptura
1171 2711 1248 2776 male
1265 2733 1312 2776 me

194 2828 293 2893 iudice
319 2852 336 2892 a
362 2827 495 2912 Berglio
520 2832 637 2891 mutata
658 2834 705 2890 est
728 2848 772 2890 vs.
800 2829 883 2890 nar:

397 2944 501 3018 οὐδεὶς
522 2949 583 3028 γὰρ
607 2940 726 3009 πάντ’
749 2946 795 3028 ἒςὶ
817 2943 1012 3028 πανόλβιος
1040 2946 1105 3006 ari.

195 3056 216 3122 i.
250 3080 275 3122 e.
310 3051 401 3121 neure
431 3057 510 3120 enirn
547 3056 580 3120 ie
609 3056 743 3119 amntem
775 3055 864 3120 reduc
885 3077 1014 3141 prorata
1038 3053 1121 3142 felic
1149 3067 1208 3133 ear,
1233 3075 1312 3138 quae

195 3173 347 3255 sententia
369 3178 435 3236 tum
451 3193 502 3257 per
518 3193 550 3234 se
567 3176 598 3234 et
613 3189 683 3234 vera
698 3175 743 3234 est
758 3176 789 3233 et
804 3170 977 3254 perspicua,
996 3177 1063 3235 tum
1079 3171 1160 3235 hand
1178 3169 1312 3235 deterius

197 3290 277 3370 (nam
309 3288 391 3352 idem
420 3287 462 3351 sic
483 3287 542 3351 dici
565 3292 697 3370 poterat:
723 3308 811 3349 nemo
836 3286 1011 3351 mortalium
1034 3285 1204 3352 infortunio
1228 3305 1313 3368 pror·

195 3427 244 3468 sua
274 3410 366 3469 caret.
417 3400 527 3466 Omnes
554 3401 634 3466 eninr
664 3402 808 3466 mortulae
834 3401 867 3463 ira
889 3401 1043 3464 nonnullia
1062 3401 1152 3464 reduc
1177 3399 1312 3487 infelicet

194 3522 284 3603 aunt.)
306 3517 458 3583 antecedit
481 3539 516 3582 ea
540 3539 617 3602 quae
643 3517 789 3582 continuo
813 3522 996 3600 sequuntur:

900 3632 972 3699 dli-⁹
996 3637 1089 3716 ὁμὲν
1112 3631 1227 3706 ἐσθλός

372 3747 474 3834 τολμᾷ
497 3749 578 3832 ἔχων
600 3751 642 3837 rd
667 3750 799 3812 κακὸν
822 3751 886 3812 κτὲ.

195 3883 283 3947 quam
305 3861 384 3927 lenia
408 3883 482 3924 sane
505 3858 629 3944 Bergkii
654 3860 801 3924 mutatio:

405 3977 519 4054 Οὐδεὶς
541 3980 602 4061 γὰρ
626 3975 745 4042 πάντ’
769 3979 835 4050 rga
859 3976 1078 4062 ἀνόλβιος.

195 4089 236 4154 Et
266 4090 383 4154 dixerat
411 4090 555 4168 fortasse,
586 4090 619 4154 id
641 4092 722 4174 quod
744 4091 805 4154 iam
829 4088 959 4154 coniecit
983 4087 1212 4167 Schneidewin,
1239 4089 1311 4154 olim

196 4204 389 4289 Bacchylides
412 4206 493 4290 apud
517 4205 680 4271 Stobaeum
699 4205 783 4270 Flor.
809 4202 889 4268 OIH
912 4209 952 4269 2:

279 4320 435 4407 Ὄλβιος,
461 4311 487 4387 ci
508 4347 573 4388 τινι
593 4327 669 4400 θεὸς
691 4331 808 4406 μοῖραν
833 4346 866 4385 τε
890 4319 999 4386 καλῶν
1025 4321 1119 4403 ἔπορε

283 4439 340 4501 σύν
368 4433 397 4501 τ’
424 4435 566 4522 ἐπιζάλῳ
588 4442 670 4522 τύχᾳ
698 4439 832 4518 α’φνειὸν
858 4438 973 4522 βιοτὰν
999 4435 1136 4517 διάγειν·

283 4549 319 4614 οὐ
335 4556 395 4634 γάρ
411 4574 460 4626 τις
477 4553 677 4636 ἐπιχθονίων
699 4556 833 4616 πάντα
861 4548 1166 4630 πανευδαίμων
1186 4549 1259 4628 ἒφν.

129 4724 132 4730 .
196 4684 254 4748 qno
277 4662 436 4730 manifesto
460 4662 547 4727 ducit
569 4663 733 4728 lectionum
761 4661 905 4742 varietas,
928 4682 1018 4747 quam
1038 4659 1105 4728 vide
1121 4657 1202 4748 apud
1218 4659 1312 4747 Berg-
