3270 5374
910 597 951 660 36

373 790 426 854 tiis
455 788 570 854 nullom
600 809 664 851 esse
685 786 771 851 libris
798 783 1009 871 manuscriptis
1031 783 1255 863 auctoritatem,
1283 782 1373 847 nimis
1395 803 1486 868 saepe

373 903 473 968 iterari
496 925 558 966 non
579 908 691 988 potest.
741 971 744 978 ¹

417 1017 470 1082 Vs.
495 1019 557 1082 903
581 1038 666 1102 sqq.:

502 1133 593 1209 ’Όςις
616 1130 777 1198 ἀνάλωσιν
801 1137 891 1216 τηρεῖ
917 1134 1000 1196 κατὰ
1025 1136 1170 1215 χρήματα
1193 1137 1335 1216 θηρῶν

503 1246 634 1328 υυδίςην
659 1246 775 1330 ἀρετήν
799 1253 865 1320 τοῖς
889 1253 1042 1312 συνιεῖοιν
1064 1245 1139 1330 ἔχει.

414 1358 453 1423 In
487 1358 524 1422 ils
559 1379 633 1443 quse
669 1357 805 1422 coniecta
832 1362 905 1422 sunt
934 1356 1010 1422 nihil
1037 1362 1100 1436 est,
1135 1355 1215 1441 quod
1245 1355 1337 1419 ullam
1375 1353 1485 1422 habeat

370 1475 513 1560 speciem,
545 1479 661 1558 praeter
699 1471 823 1556 Bergkii
853 1471 1054 1557 suspicionem
1094 1477 1224 1558 Θήρων,
1262 1492 1351 1557 quam
1382 1475 1484 1533 temen

370 1588 471 1654 falsam
496 1610 558 1653 esse
581 1587 722 1652 evincunt
744 1609 786 1652 vs.
805 1588 867 1650 923
891 1609 973 1670 sqq.:
991 1591 1072 1654 οὕτω
1089 1588 1266 1673 Δημόκλεις
1289 1584 1402 1668 (malim
1418 1591 1484 1672 Λη-

368 1704 510 1790 μὸκλεες)
535 1709 600 1770 ντέ.
646 1700 734 1764 Nihil
750 1700 830 1764 enim
854 1706 899 1765 est
915 1722 951 1765 ex
969 1722 1033 1765 meo
1055 1700 1176 1786 quidem
1193 1701 1342 1787 sententis
1363 1699 1485 1767 eviden-

370 1815 431 1880 tius
451 1838 539 1903 quam
556 1816 610 1880 hos
634 1837 692 1878 vss.
709 1837 747 1879 ex
760 1815 871 1880 'eodeni
895 1814 993 1898 elegis
1013 1814 1126 1900 petitos
1147 1837 1209 1879 esse
1234 1837 1299 1879 cum
1324 1814 1486 1900 superiori·

369 1927 434 1994 bns.
476 1927 594 2008 Quare,
616 1927 771 2013 repudiato
791 1928 924 2014 speciose
950 1929 1001 1994 ills
1024 1935 1147 2014 propter
1181 1929 1304 1995 romedii
1328 1909 1485 1994 lenitatein
1511 1989 1515 1994 .

351 2041 561 2120 ¹coniectore,
586 2041 729 2106 coniioio:

412 2156 503 2235 “0323
526 2133 688 2224 ἀνάλωσιυ
716 2166 804 2243 τηρεῖ
829 2164 912 2224 κατὰ
936 2157 1068 2244 χρήματ’
1091 2160 1290 2244 ἀθειρέως,

416 2273 547 2356 νυδίςην
572 2276 687 2358 ἀρετήν
712 2282 779 2350 τοῖς
803 2281 958 2340 συνιεῖσιν
983 2275 1058 2361 ἕχει.

416 2383 566 2449 Videatur
589 2384 718 2472 Etymol.
742 2385 807 2452 M.:
834 2389 1036 2472 ἀθειρέως·
1062 2390 1215 2474 ἀκριβῶς,
1241 2394 1295 2455 καὶ
1313 2389 1487 2475 ἀθειρές,

372 2504 408 2565 τὸ
435 2502 577 2588 ἀκριβές.

417 2611 513 2678 Miror
542 2619 641 2678 sutem
665 2612 708 2677 nil
736 2613 806 2678 meli
830 2613 949 2678 criticos
980 2615 1119 2680 odoratos
1144 2637 1210 2680 esse
1233 2637 1278 2681 vs.
1313 2616 1376 2680 923
1401 2637 1487 2701 sqq.‚

335 2793 336 2802 ¹
373 2748 448 2812 quos
472 2727 599 2812 scriptos
625 2727 743 2792 mollem
767 2727 798 2792 in
821 2727 919 2793 hunoe
943 2729 1081 2796 modurn:

461 2845 564 2923 Οὕτω,
588 2843 786 2928 Λημοκλεες,
814 2851 897 2911 κατὰ
921 2847 1050 2934 χρήματ’
1067 2853 1200 2934 ἄριστον
1219 2851 1374 2914 ἁπάντων
1432 2919 1434 2923 ,

463 2963 520 3040 τήν
548 2958 698 3044 δαπάνην
722 2959 845 3025 θέσθαι
871 2965 925 3026 καὶ
947 2961 1082 3048 μελέτην
1111 2960 1324 3048 σχεθέμεν.

461 3079 532 3138 οὔτε
556 3077 616 3156 γὰρ
637 3077 680 3140 ἂν
706 3074 882 3158 προταμὼν
905 3074 995 3160 ἄλλῳ
1022 3083 1167 3159 κάματον
1192 3074 1373 3159 μεταδοίης,

460 3183 526 3253 οὔτ’
546 3191 588 3254 ἂν
613 3191 783 3275 πτωχεύων
808 3190 1005 3276 δουλοσύνην
1033 3190 1255 3267 ταλάσαις,

327 3290 334 3300 ’
373 3296 418 3361 vel
442 3297 538 3362 lenius
558 3297 648 3362 etiam
670 3302 829 3380 ταλάοις
852 3301 925 3381 (sive
949 3301 1050 3387 potins
1072 3323 1153 3366 more
1176 3300 1280 3366 lonico
1300 3299 1481 3386 ταλέοιςδ),

371 3411 395 3475 si
423 3411 505 3477 verbi
535 3417 703 3481 ΤΑΛΑΩ
732 3413 820 3478 eliano
852 3413 979 3480 formem
1011 3416 1129 3500 praeter
1159 3416 1330 3490 mistum,
1363 3416 1393 3480 in
1426 3438 1482 3480 usu

371 3525 462 3590 fnisse
497 3532 655 3593 constaret.
711 3527 855 3594 Codices:
890 3532 1151 3618 δουλοσύνην
1183 3533 1362 3609 τελέοις,
1401 3530 1482 3615 quod

372 3640 444 3725 quid
468 3640 497 3706 h.
519 3641 539 3706 l.
565 3642 735 3726 significare
759 3644 854 3728 possit
880 3665 939 3708 non
970 3643 1045 3709 satis
1078 3643 1172 3728 cepio.
1217 3643 1257 3708 Et
1283 3645 1481 3731 δουλοσύνην

372 3755 492 3819 tametsi
524 3754 722 3842 depravatum
757 3781 819 3824 esse
843 3782 904 3826 non
925 3759 1164 3846 spondeo,·qnis
1188 3759 1366 3824 mendicitas
1382 3782 1481 3825 veroni

370 3869 543 3936 hominibus
562 3871 730 3938 libertatem
758 3873 872 3960 eripere
896 3874 996 3960 negari
1015 3896 1075 3938 non
1105 3879 1218 3958 potest:
1244 3872 1420 3959 praeferrem
1436 3878 1482 3937 ts-

369 4007 454 4066 men,
478 3987 503 4050 si
530 3987 561 4051 in
593 3987 695 4073 aliquo
720 3989 798 4054 libro
830 3990 874 4055 its
890 3989 1036 4074 scriptum
1059 3995 1198 4067 exstaret,
1216 3993 1398 4077 χρημοσύ
1406 4016 1480 4074 νην

370 4101 415 4166 vel
439 4104 783 4194 πλαγκτοσύνην.

350 4223 361 4262 ⁸
413 4217 503 4298 Quod
526 4219 627 4284 malini
652 4224 808 4311 σχεθέμεν
825 4243 879 4306 pro
895 4223 1023 4310 ἐχέμεν,
1048 4221 1118 4286 haec
1133 4225 1298 4298 causaest,
1316 4220 1397 4305 quod
1412 4226 1481 4305 post
1598 4211 1602 4219 ’

369 4332 489 4398 θέσθαι
513 4354 573 4397 non
589 4334 734 4420 intellego
750 4357 812 4415 cnr,
838 4358 898 4400 non
919 4342 1037 4400 retente
1061 4340 1173 4413 metro,
1189 4340 1277 4420 poete
1297 4333 1481 4398 diversorum

369 4451 539 4531 temporum
573 4446 737 4515 Infinitivis
764 4450 809 4514 uti
834 4449 984 4515 moluerit.
1030 4447 1147 4513 Deinde
1172 4471 1231 4513 non
1255 4447 1330 4512 male
1353 4445 1480 4514 fortasse

369 4581 424 4625 van
441 4559 494 4625 der
509 4561 581 4648 Moy
600 4585 629 4647 p.
655 4567 694 4628 46
720 4571 788 4650 post
803 4568 957 4654 σχεθέμεν
977 4563 1169 4650 inserendum
1189 4562 1306 4629 iudicat
1326 4564 1481 4631 distichon

368 4699 409 4744 vs.
434 4680 497 4742 559
525 4699 587 4765 sq.:
