3270 5374
892 614 934 676 34

399 799 515 865 Deinde
537 800 704 866 rectissime
723 801 950 866 Schneidewin:
972 805 1140 880 ξανθαῖς
1157 805 1250 886 ἀμφὶ
1274 808 1419 886 κόμαις,
1435 808 1469 866 et

354 914 386 977 in
422 935 484 1000 sqq.
516 915 757 1000 ingeniosissime
795 916 902 982 Berk.:
943 915 1015 983 ἀλλ’
1046 923 1104 997 ἄγε
1142 918 1181 1001 δὴ
1213 917 1347 998 ’γκοτὶ
1386 928 1468 1003 κεῖρε

355 1037 469 1117 νόμον·
720 1111 723 1117 ,

397 1144 535 1209 Fortasse
559 1145 680 1229 vulgata
703 1145 746 1210 sie
769 1145 890 1210 defendi
913 1150 1014 1230 potest
1038 1145 1101 1208 831
1126 1167 1189 1228 sq.:

485 1265 591 1326 πίστει
618 1269 749 1348 χρήματ’
772 1263 903 1336 ὄλεσσα,
930 1264 1061 1347 α’πιστίῃ
1083 1260 1112 1326 δ’
1137 1264 1271 1325 ἐσάωσα·

486 1381 628 1461 γνώμη
652 1377 680 1441 δ’
704 1375 847 1462 οέργοιλέη
868 1379 1014 1457 γίγνεται
1040 1375 1246 1460 α’μφοτέρων,

352 1494 388 1552 ut
412 1495 523 1575 γνώμη
544 1488 584 1552 sit
606 1488 771 1567 sententia,
794 1511 885 1574 qnam
907 1489 933 1552 is
956 1488 1149 1573 pronuntiat,
1173 1489 1225 1573 qui
1248 1488 1341 1553 iudex
1364 1488 1470 1553 sedeat

352 1603 433 1667 inter
455 1602 545 1667 fidem
570 1609 601 1667 et
624 1602 786 1687 perfidiam.
835 1602 954 1666 Ahrens
987 1611 1125 1689 μνήμη
1148 1602 1285 1667 coniecit.

395 1716 462 1781 Nee
491 1717 617 1782 fortasse
650 1717 810 1801 quiequam
841 1715 1012 1781 novandum
1035 1715 1068 1781 in
1092 1716 1224 1780 distieho
1247 1739 1291 1781 rs.
1317 1719 1378 1780 843
1404 1740 1469 1803 sq.:

439 1831 518 1898 ἀλλ’
539 1837 686 1899 ὁπόταν
710 1835 922 1918 καθύπερθεν
949 1835 1010 1899 ἐὼν
1034 1833 1191 1918 ὑπένερθε
1215 1833 1366 1919 γένηται,

442 1954 592 2024 τουτάκις
618 1943 725 2013 οἴκαδ’
747 1949 818 2030 ἰ’μεν
843 1953 1043 2030 παυσάμενοι
1068 1953 1196 2025 πόσιος,

353 2059 442 2124 modo
476 2060 615 2145 imperite
645 2068 816 2144 exeerptum
843 2059 1066 2139 existimemur,
1098 2067 1133 2124 ut
1156 2059 1324 2125 subiectum
1347 2084 1364 2125 e
1387 2084 1472 2146 prae-

355 2173 465 2260 gressis
489 2173 653 2259 petendum
683 2174 775 2238 fuerit
805 2181 955 2260 ὄροφος,
988 2173 1068 2258 quod
1091 2174 1192 2238 malim
1216 2175 1358 2260 suspicari
1381 2197 1472 2259 quam

354 2288 545 2355 scribendum
567 2311 647 2354 esse:
670 2298 715 2374 ἤν
741 2292 768 2356 δ’
790 2295 927 2378 ὄροφος
951 2296 1161 2377 καθύπερθεν
1186 2299 1252 2358 κτὲ.

399 2403 453 2469 Vs.
477 2407 540 2468 861
566 2425 629 2488 sq.:

444 2525 477 2586 οἳ
493 2548 530 2605 με
555 2520 642 2600 φίλοι
662 2521 859 2604 προδιδοῦσι,
887 2527 941 2587 καὶ
965 2522 1022 2590 οὐκ
1047 2520 1195 2588 ἐθέλουσι
1220 2547 1255 2586 τι
1283 2520 1418 2586 δοῦναι

443 2637 612 2720 α’νδρῶν
637 2637 842 2719 φαινομένων
870 2642 936 2702 uri·

401 2751 481 2816 Bene
505 2750 578 2814 olim
603 2748 794 2814 emendatum
817 2755 863 2813 est
884 2757 1002 2836 άςρων,
1033 2747 1085 2813 sed
1116 2749 1208 2813 miror
1230 2749 1381 2813 neminem
1405 2749 1474 2812 hee·

354 2866 428 2930 sisse
451 2867 484 2930 in
504 2864 599 2930 verbis
621 2894 657 2931 τι
681 2866 830 2942 δοῦναι,
856 2863 926 2949 quia
949 2863 1031 2928 eliud
1055 2864 1117 2927 fere
1141 2862 1297 2948 postulant
1313 2861 1473 2947 opposita:

946 2979 1018 3045 ἀλλ’
1043 2982 1105 3061 ἐγὼ
1129 2981 1293 3064 αὐτομάτη

531 3098 660 3180 ἑσπερίη
683 3091 713 3160 τ’
735 3096 835 3178 ἔξειμι
861 3101 926 3161 κτὲ.

398 3205 519 3270 Incerta
552 3213 653 3270 tamen
687 3206 875 3271 emendatio:
913 3228 982 3271 nam
1019 3208 1115 3291 possis
1148 3207 1290 3292 quidem:
1325 3214 1379 3274 nal
1410 3211 1470 3274 οὐκ

355 3317 502 3389 ἐθέλοοσ’
544 3323 600 3388 ἐτι
631 3331 794 3404 φοιτᾶν,
832 3321 885 3385 sed
912 3321 976 3407 pari
1002 3321 1067 3385 iure
1098 3321 1157 3386 alia
1201 3321 1327 3385 fortasse
1360 3322 1470 3386 eoniioi

354 3440 505 3521 poterunt.
531 3433 570 3498 In
590 3435 706 3500 novitio
730 3435 862 3500 carmine
885 3457 948 3499 non
971 3435 1195 3500 sollicitaverim
1219 3457 1285 3499 oum
1308 3434 1469 3499 Haimsoe·

352 3549 418 3613 thio
442 3571 483 3614 vs.
509 3549 592 3614 864:
616 3548 692 3635 ἦμος
717 3551 939 3637 ἀλεκτρυόνων
969 3559 1112 3634 φθόγγος
1141 3552 1359 3636 ἐγειρομένων.
1389 3548 1471 3614 Vide

352 3661 472 3748 Bergk,
497 3686 527 3747 p.
553 3662 797 3738 letted.·111.

399 3778 452 3845 Vs.
478 3780 541 3844 869
565 3798 648 3863 sqq.:

439 3895 506 3963 ’Ἕν
528 3921 582 3980 μοι
606 3897 721 3961 ἐπειτα
744 3896 833 3960 πέσοι
857 3893 957 3977 μέγας
981 3895 1115 3980 οὐρανὸς
1139 3895 1228 3980 εδρδς
1252 3897 1393 3982 ὕπερθεν
1461 3893 1464 3900 “

443 4010 585 4100 χάλκεος,
612 4013 831 4094 ἀνθρώπων
856 4009 969 4092 δεῖμα
996 4011 1280 4096 χαμαιγενέων.

441 4129 468 4191 εἰ
492 4130 534 4208 μὴ
560 4125 621 4205 ἐγὼ
647 4132 749 4190 τοῖσιν
771 4127 830 4206 μέν
858 4124 1021 4206 ἐπαρκέσω
1047 4127 1080 4188 οῗ
1098 4151 1136 4209 με
1160 4123 1321 4207 φιλεῦσιν,

349 4244 353 4253 ’
440 4248 506 4313 τοῖς
531 4235 561 4303 δ’
586 4241 714 4324 ἐχθροῖς
738 4239 816 4322 α’νίη
841 4243 895 4302 καὶ
918 4237 1001 4320 μέγα
1029 4235 1109 4322 πῆμ’
1131 4240 1252 4322 ἐσομαι.

395 4348 532 4436 Emperii
567 4349 753 4414 coniectura:
787 4353 997 4418 ἀθανάτων
1026 4352 1164 4435 δώματ’
1192 4355 1404 4436 ἀειγενέων
1439 4363 1473 4420 et

351 4488 403 4552 per
430 4489 461 4530 se
488 4486 594 4550 parum
620 4471 751 4529 venusta
774 4469 821 4528 est
852 4471 882 4528 et
913 4464 996 4529 iusto
1027 4464 1150 4548 longius
1180 4488 1198 4529 a
1226 4465 1336 4530 codicis
1359 4467 1472 4554 optimi

352 4581 501 4666 scriptura
526 4578 648 4644 recedit.
677 4579 803 4644 Accedit
825 4579 906 4663 quod
929 4578 1040 4643 locutio
1064 4587 1234 4667 ἄνθρωποι
1264 4595 1470 4670 χαμαιγενεῒς

352 4695 469 4762 doctior
491 4701 550 4778 est,
568 4717 656 4782 qnam
681 4716 757 4779 qnae
781 4697 812 4758 in
836 4693 1025 4759 librariorum
1048 4693 1176 4758 cerebris
1193 4701 1263 4760 neta
1280 4717 1345 4759 esse
1363 4698 1472 4784 possit.
