3270 5374
701 573 738 640 19

200 767 238 832 In
266 767 406 846 civitate,
429 766 490 844 ait,
523 765 598 830 adeo
621 787 714 851 prona
742 766 781 828 ad
806 764 1040 851 vituperandum
1064 767 1182 832 nullum
1208 790 1280 833 cen-

157 883 261 946 silium
284 882 396 967 placet:
424 881 462 945 ad
486 879 695 964 sospitandum
718 888 819 944 autem
841 882 999 945 multitudo
1023 905 1140 967 semper
1157 890 1203 946 est
1220 891 1279 948 sto·

158 999 264 1078 lidior;
288 999 311 1064 i.
327 1022 353 1064 e.
371 998 402 1063 in
417 997 555 1084 populari
572 996 714 1082 imperio,
732 995 788 1059 ubi
801 996 968 1080 periculum
986 997 1102 1061 civitati
1118 997 1278 1077 imminet,

160 1113 238 1178 bona
260 1113 387 1178 consilia
410 1113 450 1178 ad
474 1135 540 1177 eam
563 1111 770 1198 sospitandam
794 1112 859 1196 capi
884 1135 945 1178 nou
967 1120 1109 1198 possunt,
1127 1136 1198 1178 uam
1214 1115 1283 1178 nul-

158 1228 222 1292 lum
246 1228 408 1293 consilium
431 1230 507 1293 satis
530 1228 646 1314 plaeet;
672 1227 749 1291 nihil
773 1250 833 1292 non
866 1229 1058 1314 vituperante
1081 1228 1191 1314 populo
1216 1229 1282 1314 (pru

162 1350 336 1430 κακοψόγῳ
360 1364 428 1406 curn
451 1341 585 1426 Bergkie
609 1340 739 1405 scribam
763 1343 958 1430 φιλοψόγῳ),
985 1343 1033 1406 cui
1050 1342 1108 1428 ipsi
1133 1342 1219 1407 deest
1245 1342 1283 1406 ad

161 1457 236 1522 bene
259 1457 477 1523 consulendum
501 1457 661 1542 prudentia
677 1463 768 1540 atque
785 1456 902 1541 peritia.
939 1459 1111 1544 ’Ἁνολβος
1128 1456 1283 1521 interdum

161 1572 285 1657 punitur
309 1594 363 1656 pro
386 1577 539 1660 α’νόητος,
569 1579 605 1636 ut
634 1579 715 1636 recte
738 1571 918 1636 vocabulum
942 1572 1166 1657 interpretatur
1189 1572 1282 1636 schol.

162 1686 200 1750 ad
218 1686 308 1770 Soph.
334 1687 417 1752 Alae.
440 1689 537 1750 1136.
562 1671 729 1752 Viderint.
748 1689 832 1753 1013
851 1693 881 1751 et
899 1688 995 1750 1251.
1020 1685 1065 1751 Of.
1086 1689 1181 1752 1328.
1212 1687 1284 1750 Non

161 1799 258 1885 igitur
281 1823 356 1886 opus
380 1807 425 1865 est
449 1801 640 1880 coniectura,
667 1821 742 1886 quae
767 1799 836 1864 olim
862 1801 938 1865 mihi
961 1800 1113 1885 placebat:

294 1922 344 1994 ὡς
371 1918 397 1982 θ’
418 1918 540 1983 αὐτοὶ
566 1926 695 1984 σῶσαι
724 1919 838 1984 πολλοὶ
862 1919 1081 2006 οἷνολβότεροι.

206 2028 346 2094 Aliorum
378 2031 563 2095 coniecturas
596 2052 724 2115 suasque
754 2039 892 2096 recenset
920 2032 1022 2116 Bergk
1046 2033 1078 2096 in
1106 2033 1285 2119 Lyricorum

164 2143 212 2208 ed.
234 2143 296 2208 III.
321 2143 476 2208 Pertinere
495 2145 696 2230 fragmentum
714 2146 833 2210 videtur
849 2146 886 2210 ad
902 2147 1029 2212 eandem
1046 2147 1189 2232 elegiam,
1208 2149 1286 2214 unde

165 2258 278 2343 sumpti
300 2266 373 2323 sunt
396 2283 453 2326 vss.
480 2263 542 2326 235
568 2284 611 2345 sq.
637 2267 668 2325 et
692 2263 878 2328 all-820.

210 2373 267 2437 Sed
291 2380 455 2461 utcumque
479 2384 525 2441 est
548 2377 622 2441 haec
644 2377 776 2441 mutatio
799 2375 896 2454 lenis,
920 2377 999 2440 nihil
1023 2384 1126 2441 tamen
1150 2377 1188 2440 ad
1220 2399 1286 2442 eam

165 2490 356 2576 medicinam,
371 2515 458 2576 quam
477 2491 620 2556 adhibere
636 2492 713 2556 mihi
728 2491 856 2556 feliciter
873 2491 1004 2578 contigit
1016 2493 1081 2557 loco
1095 2496 1287 2558 all—275:

253 2606 349 2682 ’Ἴσιος
374 2633 424 2673 τοι
448 2613 488 2674 τὰ
511 2611 571 2692 μὲν
595 2607 682 2674 ἄλλα
705 2613 777 2674 θεοὶ
803 2617 939 2691 θνητοῖς
962 2611 1153 2696 ἀνθρώποις

253 2733 349 2810 γῆράς
373 2724 402 2792 τ’
427 2727 600 2811 οὐλόμενον
626 2731 680 2791 καὶ
706 2725 828 2810 νεότητ’
853 2724 987 2791 ἔδοσαν·

252 2843 317 2906 τῶν
342 2849 475 2908 πάντων
500 2841 534 2906 δὲ
559 2848 717 2908 κάκιστιον
743 2844 777 2905 ἐν
802 2841 1011 2924 ἀνθρώποις,
1037 2843 1187 2902 θανάτου
1208 2860 1241 2901 τε

251 2958 305 3018 καὶ
330 2955 457 3022 πασέων
483 2941 605 3024 νούσων
631 2959 696 3021 ἐστὶ
720 2961 965 3042 πονηρότατον,

251 3067 373 3144 παῖδας
397 3072 465 3135 ἐπεὶ
491 3073 636 3157 θρέψαιο
661 3075 715 3135 καὶ
740 3076 864 3154 ἄρμενα
888 3077 999 3137 πάντα
1023 3071 1213 3151 παράσχοις,

254 3191 427 3268 χρήματα
452 3183 480 3250 θ’
506 3188 750 3268 ἐγκαταθῇς,
775 3183 867 3249 πόλλ’
891 3185 1009 3269 ἀνιηρά
1033 3189 1174 3254 παθὼν,

252 3301 308 3363 τὸν
332 3293 446 3381 πατέρ’
473 3303 681 3386 ἐχθαίρουσι,
710 3304 917 3384 καταρῶνται
943 3297 971 3363 θ’
995 3295 1192 3367 ἀπολέσθαι,

252 3416 307 3476 καὶ
330 3411 476 3493 ςονέοοσ’
501 3415 604 3496 ὥσπερ
629 3417 757 3499 πτωχὸν
782 3417 1008 3498 ἐπερχόμενον.

209 3523 323 3588 Merito
347 3523 485 3617 homines
509 3525 592 3589 docti
616 3523 725 3589 offensi
748 3531 819 3589 suut
843 3531 908 3588 tum
940 3525 1053 3588 violata
1076 3521 1198 3606 syntaxi
1221 3527 1289 3584 turn

166 3659 224 3702 usu
247 3634 330 3702 verbi
355 3642 612 3721 tractantiam
637 3661 692 3724 pre
716 3641 959 3720 κατατιθέναι,
984 3639 1037 3703 sed
1062 3637 1177 3702 nemini
1203 3635 1294 3700 cessit

164 3751 355 3830 emendatio,
388 3775 484 3838 neque
514 3754 665 3840 Bergkio:
705 3767 850 3844 χρήματα
885 3757 912 3822 d'
938 3761 965 3822 εἰ
999 3765 1165 3839 καταθῇς,
1197 3772 1294 3835 neque

164 3867 365 3952 Hartungio:
393 3877 584 3958 παρασχών
610 3882 757 3960 χρήματα
781 3876 937 3959 carteiae
962 3868 1154 3956 proponenti.
1194 3865 1293 3931 Nam·

163 4003 221 4068 que
244 3980 324 4046 illud
347 3982 373 4045 si
396 3982 495 4068 legas,
516 3985 676 4050 offensioni
694 3985 755 4050 erit
771 3984 876 4049 vocula
894 3987 946 4067 δέ,
963 3986 990 4050 si
1006 3986 1081 4063 hoc,
1098 3983 1294 4070 participium

165 4096 284 4162 Antisti
315 4118 369 4182 pro
402 4096 578 4181 Praesenti3
611 4107 646 4164 ut
676 4107 792 4166 taceam
824 4099 1008 4165 mutationis
1031 4097 1204 4162 audaciam.
1254 4096 1297 4160 nt

165 4235 205 4278 ne
227 4212 317 4276 litera
339 4212 462 4296 quidem
485 4222 602 4280 mutata
624 4216 699 4282 haec
715 4215 798 4280 salva
820 4223 928 4297 erunt,
946 4214 1035 4280 modo
1052 4221 1150 4280 tecum
1170 4217 1296 4297 reputes

164 4329 324 4396 literatura
354 4330 589 4398 aute-Euclidea
621 4332 711 4397 verba
743 4331 850 4396 vitiata
876 4317 1025 4421 χρήματα
1052 4332 1082 4398 δ’
1108 4335 1297 4413 ἐγκαταθῇς

166 4446 211 4511 sic
234 4445 347 4531 scripta
370 4445 476 4511 fuisse:
504 4450 1098 4524 XPEMATAAePKATAcarm
1125 4465 1202 4528 quae
1219 4441 1297 4506 duce

164 4559 370 4625 Grammatica
394 4567 425 4624 et
447 4585 518 4627 sana
534 4562 652 4626 ratione
672 4566 742 4648 post
757 4558 894 4626 lluclidis
910 4567 1046 4646 tempora
1066 4553 1296 4624 tianscribeuda

164 4675 289 4740 fueraut
324 4676 357 4740 in
389 4680 1001 4757 XPHMATAAHFKATAquO,
1039 4675 1060 4738 l.
1095 4696 1119 4739 e.
1150 4682 1298 4764 χρήματα

1117 4785 1160 4854 23}
