3270 5374
855 561 895 625 26

318 743 373 811 der
403 747 494 834 Moy,
525 772 557 814 se
588 753 647 836 όῆν
678 751 788 836 legisse
818 755 988 838 profitetur.
1036 756 1096 821 Sed
1123 760 1230 843 procul
1253 760 1347 825 dubio
1370 759 1438 825 reii-

319 861 425 928 cienda
448 863 667 933 Schneidewini
690 869 863 935 coniectura
886 873 968 957 λῆμ’,
993 894 1049 938 σου
1071 874 1169 938 multo
1190 897 1238 939 me
1253 875 1352 941 iudice
1367 898 1437 962 pro·

317 976 448 1043 habilius
463 984 520 1054 est,
537 979 618 1065 quod
633 981 666 1047 in
682 983 771 1048 tertia
787 984 923 1050 editione
939 985 977 1050 de
993 1009 1046 1051 suo
1062 988 1175 1073 recepit
1194 988 1313 1072 Bergk:
1331 991 1435 1075 ἔριδος

317 1093 428 1179 όῆριν
452 1101 695 1181 ἐρυκόμενοι,
718 1120 813 1182 quum
837 1100 1011 1185 praesertim
1033 1102 1190 1186 aliquanto
1206 1102 1306 1168 lenius
1321 1103 1433 1188 possis:

537 1212 684 1295 οἷλλήλων
709 1215 814 1299 ἕριόος
837 1216 934 1302 όηλν
959 1223 1221 1304 ἐρυκόμενοι·

359 1325 523 1391 Exstitisse
553 1327 634 1393 enim
657 1329 730 1394 olim
755 1329 932 1395 vocabulum
956 1332 1046 1418 όηίς,
1080 1336 1147 1395 tum
1170 1337 1294 1417 apparet
1318 1353 1334 1394 e
1357 1331 1434 1395 deri-

316 1440 394 1504 vatis
417 1444 525 1524 όήιος,
551 1444 746 1530 όηιάλωτος,
774 1445 973 1531 Δηιδάμεια,
1000 1446 1126 1531 aliisque
1149 1445 1269 1522 multis,
1289 1452 1356 1510 tum
1372 1451 1433 1509 tes·

316 1560 421 1620 tantur
443 1555 649 1623 Grammatici.

360 1669 501 1748 Fortasse
524 1671 571 1736 vel
595 1694 630 1736 eo
654 1673 803 1768 progredi
818 1673 908 1749 licet,
934 1679 986 1749 nt,
1003 1696 1041 1738 ne
1056 1673 1146 1740 litera
1161 1675 1284 1759 quidem
1301 1681 1431 1753 mutata,

315 1783 486 1870 Theognidi
510 1787 588 1852 hanc
609 1787 795 1853 vindicemus
817 1787 998 1853 lectionem:

470 1904 618 1987 οἷλληλουν
643 1906 748 1989 ἔριδος
772 1906 847 1990 όῇν
870 1907 1198 1991 ἀπερυκόμενοι.

361 2014 509 2082 Similiter
532 2017 612 2081 enim
638 2021 725 2104 δήιος
748 2017 878 2082 subinde
902 2019 1107 2098 contrahitur,
1132 2041 1160 2084 v.
1185 2041 1211 2084 o.
1235 2041 1279 2084 vs.
1305 2022 1382 2086 552:

494 2133 579 2220 δῄων
604 2141 664 2216 γάρ
688 2132 748 2217 σφ’
771 2133 900 2218 ἀνδρῶν
925 2137 1092 2203 οἱντιάσειν
1117 2136 1225 2202 δοκέω.

338 2244 391 2310 Vs.
404 2248 465 2310 511
480 2249 545 2333 sqq.
570 2235 759 2331 Ἦλθεςόή,
770 2250 956 2333 Κλεάριοτε,
969 2255 1080 2337 βυθόν
1095 2252 1149 2316 διὰ
1162 2257 1282 2320 πόντον
1293 2253 1434 2330 οἰνόσσας

381 2364 495 2430 ἐνθάδ’
522 2363 573 2431 ἐπ’
598 2364 692 2432 οὐδὲν
722 2365 841 2452 ἔχοντ’,
868 2359 892 2430 ὦ
918 2363 1041 2442 τάλαν,
1069 2366 1164 2433 οὐδὲν
1191 2369 1290 2455 ἔχων·

382 2486 457 2566 νηός
480 2507 529 2548 τοι
554 2481 729 2567 πλευρῇσιν
756 2484 818 2546 ὑπό
844 2481 926 2560 ζυγὰ
951 2487 1092 2565 θήσομεν
1116 2489 1221 2564 ἡμεῖς,

384 2593 605 2679 [Κλεάρισό’,]
631 2593 673 2661 οἷ’
701 2596 814 2681 ἔχομεν
841 2590 913 2680 χοῖον
935 2595 1057 2660 διδοῦσι
1083 2599 1165 2662 θεοί.
1281 2673 1282 2680 ¹
1383 2649 1386 2658 ,

360 2705 457 2771 Verba
480 2707 520 2775 οἷ’
544 2711 657 2798 ἔχομεν
682 2715 747 2776 ert.
772 2728 833 2772 non
850 2705 978 2785 habent,
1002 2706 1082 2771 unde
1097 2707 1265 2791 pendeant,
1283 2715 1313 2772 et
1329 2707 1434 2793 inepte

314 2828 376 2888 tam
411 2822 494 2888 brevi
527 2823 685 2889 intervallo
724 2844 834 2887 nomen
866 2821 1022 2906 proprium
1055 2822 1217 2907 repetitum
1247 2829 1302 2888 est.
1350 2821 1434 2887 Hinc

313 2936 469 3022 antiquam
491 2937 630 3002 lacunam
654 2961 672 3002 a
694 2937 833 3017 librario,
857 2937 910 3006 οἷοι
935 2960 1002 3003 cum
1025 2960 1200 3024 praegresso
1225 2943 1307 3020 ζυγά
1327 2937 1433 3002 cohae-

311 3073 376 3116 rere
410 3052 566 3131 credenti;
598 3052 671 3116 olim
705 3052 780 3118 male
812 3052 964 3137 expletam
995 3077 1060 3119 ease
1091 3054 1187 3119 facilis
1217 3060 1263 3118 est
1293 3053 1433 3138 suspicio.

311 3168 461 3254 Equidem
484 3168 705 3255 suppleverirn:

356 3288 474 3351 ἔσται
497 3285 525 3350 δ’
548 3283 588 3352 οἷ’
607 3287 720 3373 ἔχομεν
745 3293 810 3354 art.
834 3283 902 3349 vel:
927 3286 1055 3369 λήψει
1077 3281 1108 3351 d’
1130 3282 1170 3350 οἷ’
1194 3287 1307 3371 ἔχομεν
1335 3289 1403 3350 xri·

312 3397 411 3463 Aliter
433 3398 545 3484 Bergk,
573 3399 622 3464 cui
646 3399 731 3464 locus
761 3399 793 3463 in
817 3398 930 3465 arctius
956 3398 1095 3464 redactus
1118 3420 1181 3462 esse
1205 3396 1333 3463 videtur.
1386 3397 1435 3462 De

313 3514 508 3599 sequentibus
530 3514 579 3600 egi
602 3536 693 3599 supra
716 3536 784 3600 pag.
809 3519 841 3579 4.

244 3703 247 3710 Α
356 3629 409 3696 Vs.
436 3634 497 3694 542
524 3630 708 3695 deteriorum
731 3601 875 3696 librorum
900 3629 1083 3714 scripturam
1104 3628 1197 3712 ὀλέσῃ
1227 3632 1309 3690 recte
1326 3625 1430 3710 sequi·

311 3753 362 3812 tus
385 3745 537 3831 Hartung.
562 3744 643 3811 Vide
667 3745 758 3810 etiem
780 3728 905 3831 Meynm
929 3767 957 3830 p.
985 3747 1014 3810 9.

357 3860 411 3926 Vs,
438 3861 500 3926 549
524 3883 587 3946 sq.:
611 3862 790 3946 ἄγγελος
813 3867 1036 3944 ἄφθογγος
1059 3860 1198 3944 πόλεμον
1222 3856 1455 3948 πολόδακρυνΙ

1259 3975 1385 4057 ἐγείρει,

357 4091 467 4178 Κόρυ’,
494 4095 571 4160 dero
594 4093 833 4181 τρλοιυγέσς
858 4096 1120 4175 φαινόμενος
1141 4095 1318 4170 σκοπιῆς.

356 4206 402 4270 Ex
425 4206 543 4272 ultimis
573 4195 649 4293 quae
682 4206 828 4293 adscripsi
860 4204 960 4269 verbis
991 4211 1116 4289 apparet
1138 4209 1220 4264 recte
1243 4199 1303 4263 iam
1326 4197 1433 4264 Came·

314 4322 427 4386 rarium
451 4322 650 4403 intellexisse,
675 4321 766 4388 rerba
788 4323 925 4404 ἄγγελος
940 4327 1109 4404 ἄφθογγος
1126 4323 1261 4400 spectare
1277 4314 1363 4400 signa
1379 4336 1435 4398 per

313 4437 393 4502 faces
419 4439 580 4525 (πυρσοός)
606 4438 692 4503 datas
716 4445 747 4502 et
770 4437 835 4502 falli
851 4435 1043 4501 Welckernm
1059 4433 1096 4497 de
1112 4432 1233 4518 pulvere
1249 4430 1434 4514 cogitantem

314 4563 438 4638 propter
467 4551 533 4616 loca
563 4552 729 4640 Aeschyleo
759 4552 841 4639 Sept.
866 4555 905 4618 81
932 4559 963 4616 et
988 4549 1091 4635 Suppl.
1119 4550 1194 4614 179.
1226 4549 1274 4613 De
1297 4568 1340 4611 vs.
1367 4547 1430 4610 552

317 4668 385 4735 vide
408 4675 515 4735 notata
537 4668 575 4734 ad
598 4691 640 4733 vs.
666 4671 743 4735 494.
