3270 5374
755 570 795 640 tl

214 758 341 828 Accedit
367 755 415 826 his
436 756 517 824 eliud
537 780 599 824 non
623 756 748 826 minoris
769 759 914 826 momenti
938 770 1169 847 argumentum
1188 789 1257 834 nem
1271 769 1338 835 deri

127 933 129 940 .
216 897 277 941 non
302 863 418 962 potest,
444 881 481 938 nt
503 873 541 938 ad
564 873 648 940 illam
672 873 830 941 mulierem
854 882 995 960 spectant
1019 877 1126 944 verbe:

392 995 491 1076 ὀργὴν
516 989 546 1057 δ’
570 989 684 1058 ἄλλοτ’
702 990 842 1078 ἀλλοίην
866 993 943 1081 ἔχει.

259 1106 436 1190 Numquam
460 1104 542 1170 enim
559 1127 577 1168 a
594 1104 735 1185 Graecis,
760 1127 821 1170 non
846 1106 945 1192 magis
973 1129 1063 1192 quom
1092 1107 1195 1182 nobis,
1223 1116 1258 1174 ut
1285 1134 1339 1175 vu·

214 1224 292 1288 rium
312 1245 347 1286 ac
370 1220 533 1298 mutabile,
558 1220 611 1284 ced
635 1226 669 1285 ut
691 1220 814 1308 vafrum
838 1234 867 1288 ct
884 1224 1043 1288 ucbdclum
1069 1222 1247 1310 depingitur
1270 1226 1338 1290 vul-

215 1339 321 1425 pinum
344 1335 515 1422 ingenium.
555 1335 614 1400 His
641 1336 784 1417 adducor,
811 1343 847 1402 ut
874 1337 993 1404 credum
1017 1338 1154 1405 lacunam
1178 1363 1242 1406 esse
1263 1340 1337 1406 sctis

215 1475 370 1538 magnam,
402 1457 438 1516 ut
461 1450 695 1550 descriptionem
724 1439 848 1518 callidae
872 1453 1009 1518 mulieris
1032 1441 1137 1520 secuta
1159 1478 1223 1521 esse
1245 1463 1337 1543 pute-

213 1572 265 1631 tur
300 1563 463 1649 descriptio
498 1563 633 1630 mulieris
663 1565 763 1630 venue
792 1588 827 1632 ec
857 1567 1026 1635 mutabilis.
1073 1569 1206 1636 Difficile
1237 1579 1338 1638 eutem
1460 1593 1463 1600 ·

136 1699 145 1708 ·
213 1679 298 1745 dictu
328 1685 389 1754 est,
420 1685 526 1745 utrum
552 1686 643 1765 poeta
665 1680 756 1746 huius
778 1703 875 1768 genus
900 1683 1099 1750 deduxerita
1120 1687 1279 1773 polypode
1300 1710 1338 1752 en

212 1795 251 1860 ab
281 1794 339 1858 a'lia
370 1793 481 1872 bestie,
514 1817 590 1879 quae
622 1817 657 1860 eo
691 1796 814 1862 nomino
847 1798 925 1864 mule
947 1799 1085 1878 audiret,
1110 1822 1138 1867 v.
1164 1823 1189 1867 e.
1211 1801 1338 1866 amilon

212 1911 266 1998 qui
288 1911 401 2006 Graece
436 1917 558 1987 ἰκτῖνος
595 1911 717 1978 dieitur.
767 1911 814 1978 cf.
852 1912 990 1998 Theogr.
1025 1915 1128 1981 1261:
1165 1920 1338 1986 ἰκτῖνον

213 2030 385 2121 χάρέχεις
411 2029 674 2114 οἰγχιςρὸφον
710 2033 878 2116 {compecto
901 2028 993 2114 ἦθος.
1039 2028 1162 2094 Animal
1191 2037 1339 2096 memorat

213 2141 386 2208 Simonides
409 2140 446 2205 fr.
473 2142 526 2207 12.

255 2255 309 2320 Vs.
333 2259 393 2323 43:
417 2265 477 2343 τὴν
503 2257 533 2321 δ’
557 2259 594 2324 ἕν
619 2285 652 2324 τε
676 2259 856 2344 σποδιῆς
880 2267 936 2328 καὶ
960 2262 1191 2351 catamodice
1214 2268 1304 2331 ὄνου.

212 2369 359 2457 Apprime
383 2370 575 2436 conveniret:
912 2373 917 2383 '

477 2494 536 2570 τὴν
562 2487 590 2551 δ’
614 2487 650 2551 ἕν
673 2513 707 2552 τε
732 2497 897 2574 νωθρῆς
921 2496 985 2556 ντὲ.

205 2599 254 2668 Oi.
281 2600 377 2667 Arist.
402 2601 461 2666 Av.
493 2599 594 2666 1827:

342 2721 430 2800 ττανύ
454 2721 515 2802 γάρ
539 2717 678 2803 βραδύ
685 2746 700 2794 ς
725 2720 791 2783 ἐστι’
815 2745 865 2794 τις
888 2719 993 2805 ὥσπερ
1017 2723 1102 2796 ὄνος.

184 2880 186 2886 .
207 2829 386 2914 Sequuntur
412 2830 506 2895 hoec:

386 2952 404 3029 ἢ
429 2950 485 3013 σάν
510 2941 541 3010 τ’
563 2945 691 3030 α’νάνκῃ
716 2948 773 3011 σάν
797 2943 825 3010 τ’
849 2949 999 3032 ἐνιπῇσιν
1024 2952 1115 3030 μόνον

384 3062 558 3146 ἕςερξεν
583 3053 632 3140 ὧν
652 3063 788 3130 ἅπαντα
813 3065 867 3126 καὶ
893 3071 1056 3144 πονήσατο

385 3180 551 3259 οὲρεστά·
577 3181 680 3256 τόφρα
703 3171 734 3239 d'
758 3177 952 3246 ἐσθίειντὲ.

207 3286 507 3371 ΒονοοεοεετοΙςοάε
533 3288 681 3374 scriptura
698 3291 781 3374 ἕρεξ
788 3317 828 3357 εν
835 3336 844 3366 ,
869 3310 929 3374 quo
951 3288 1036 3353 ducit
1057 3289 1222 3354 multorum
1245 3289 1337 3355 libro·

208 3422 275 3466 rum
297 3402 387 3467 lectio
411 3405 532 3490 ἐέρξεν,
567 3403 758 3488 suspicabar:

316 3599 321 3612 ι
432 3520 578 3604 ἔρεξεν
603 3513 650 3587 ὦν
674 3523 810 3608 ἅπαντα
834 3526 890 3586 καὶ
914 3528 1079 3604 πονήσατο

428 3630 477 3700 τά
503 3635 664 3720 ῥεκτέα·
692 3640 793 3720 τόφρα
818 3637 883 3700 uti.
930 3697 933 3702 .

209 3746 270 3811 Sed
293 3746 420 3812 fortasse
444 3768 507 3812 uon
531 3745 627 3831 magis
650 3747 724 3811 haec
747 3744 919 3826 sufficiunt,
953 3766 1041 3831 quam
1064 3767 1142 3830 quae
1166 3744 1338 3830 excogitato

209 3869 281 3928 sunt
303 3861 341 3928 ab
363 3861 441 3926 aliie.
464 3861 565 3927 Locus
590 3859 788 3938 incunabilis,
812 3869 847 3926 ut
870 3861 931 3926 ulia
947 3881 1009 3925 nou
1027 3881 1124 3944 peuce
1140 3859 1223 3946 opud
1239 3858 1338 3924 Simo·

209 3977 322 4042 uidem.
366 3977 518 4042 Incertior
541 3997 660 4064 quoque
684 3984 731 4044 est
755 3975 927 4042 emendatio
951 3997 1011 4038 vss.
1037 3973 1074 4037 57
1103 3995 1182 4058 sqq„
1207 3971 1260 4038 ubi
1285 3972 1338 4038 dc-

208 4091 494 4174 scribiturmulier,
525 4115 619 4177 quoe,
650 4115 689 4157 ne
722 4089 861 4155 sordibus
885 4091 1083 4176 inquinetur,
1106 4112 1170 4156 rem
1194 4087 1337 4154 domesti-

210 4231 273 4273 cam
296 4207 443 4294 neglegit.
554 4241 557 4248 =

297 4323 449 4411 Ἀνάγκη
473 4326 517 4398 δ’,
544 4322 588 4386 ait
611 4327 722 4407 poete,
745 4322 854 4407 ἄνδρα
878 4329 1022 4410 ποιεῖτον
1050 4321 1189 4402 φίλον.

207 4438 307 4504 Immo
330 4440 500 4526 λάτριν,
524 4444 665 4525 utputo.
689 4436 788 4514 Nam,
813 4445 853 4522 ἤν
877 4448 919 4523 μή
940 4463 989 4513 τις
1010 4443 1242 4522 ἤτνροννοςῆ
1263 4458 1338 4522 σκη-

209 4563 346 4641 πτοῦχος
366 4551 396 4641 ᾗ,
409 4553 459 4619 eui
479 4553 568 4620 multi
586 4553 665 4618 servi
677 4554 742 4617 sint
758 4573 932 4636 cervaeque,
951 4571 1073 4615 necesse
1093 4555 1140 4614 est
1155 4546 1220 4634 ipse
1234 4545 1337 4625 iaciat,

209 4687 286 4752 quoe
312 4688 389 4732 nxcr
419 4667 519 4735 iecere
548 4668 643 4742 nolit,
675 4667 781 4752 inque
809 4673 932 4734 nocetne
962 4663 1146 4730 necessitate
1177 4658 1271 4728 huius
1302 4659 1338 4728 fit
