3270 5374
865 603 906 667 ta

311 791 391 857 Nam
422 789 511 855 verbo
544 794 786 874 ἀναφαίνεσθαι
811 789 904 855 ferme
929 789 1038 855 Graeci
1062 795 1192 855 utuntur
1215 790 1253 854 de
1275 789 1331 870 iis,
1355 811 1434 875 quae

310 907 405 971 aedito
426 915 555 992 praeter·
578 905 829 990 exspectationem
852 917 1021 990 apparent,
1053 911 1433 993 νοοῖτο-ἀναφύεσθαι

312 1022 349 1086 de
381 1022 436 1100 iis,
467 1043 545 1109 quae
567 1031 673 1106 sponte
695 1032 860 1084 mutuatur
881 1031 910 1085 et
933 1009 1045 1087 bertae
1067 1023 1212 1088 surculioe
1233 1023 1330 1086 instar
1352 1023 1454 1087 laete=

175 1214 182 1236 Ι
310 1141 491 1204 adolescunt.
541 1137 636 1202 Recte
658 1137 770 1222 legitur
794 1137 875 1223 apud
898 1137 1041 1201 Solonem
1064 1138 1101 1202 fr.
1125 1137 1182 1216 IV,
1207 1138 1265 1202 36:

509 1255 638 1320 αὐαίνει
663 1254 806 1338 δ’ἄτης
829 1261 968 1322 ἄνθεα
992 1257 1192 1336 φυόμενα.
1239 1331 1241 1340 1

309 1366 483 1450 Utrumque
507 1364 630 1430 verbum
652 1387 719 1430 cum
740 1365 814 1430 alibi
839 1365 997 1430 confusum
1021 1363 1101 1443 vidi,
1118 1373 1185 1430 tum
1205 1363 1288 1449 apud
1313 1363 1431 1449 Sopho-

309 1482 385 1548 clem
408 1481 442 1546 in
465 1480 557 1544 Aiace
580 1503 624 1544 vs.
650 1481 713 1542 646
738 1502 802 1564 sq.,
825 1501 902 1564 quos
927 1480 970 1544 sic
992 1479 1138 1565 legendos
1163 1478 1276 1546 videri:

440 1590 604 1664 ἅπανθίἱ
625 1602 746 1681 μακρὸς
770 1599 1014 1682 κοῖναρίθμητος
1036 1601 1150 1694 χρόνος

444 1715 588 1796 φαίνει
612 1709 640 1777 τ’
656 1711 765 1798 ἄδηλοι
789 1716 843 1776 καὶ
862 1695 1059 1794 χφοινέντοι
1083 1693 1257 1797 κρύπτεται

309 1825 509 1911 iamialiquot
531 1823 642 1890 abhinc
665 1825 754 1889 annis
778 1824 883 1889 monui
900 1824 937 1889 iu
961 1824 1096 1891 editione
1120 1847 1185 1890 mea
1201 1825 1313 1911 Oedipi
1336 1826 1429 1910 Regis
1550 1853 1559 1870 ·

308 1963 376 2026 pag.
404 1942 445 2003 92
470 1939 509 2004 ad
532 1961 576 2003 vs.
603 1941 677 2004 132.
707 1938 852 2003 Similiter
874 1938 972 2012 Cobet
996 1953 1099 2024 φύσας
1122 1939 1155 2004 in
1178 1950 1282 2026 φήνας
1306 1941 1430 2006 refinxit

253 2109 255 2118 .
307 2056 388 2140 apud
408 2055 644 2140 Aristophanem
665 2053 698 2118 in
714 2057 821 2141 Ὡρῶν
850 2054 1022 2139 fragmento
1046 2056 1067 2119 I*
1086 2054 1165 2141 apud
1188 2053 1379 2121 Meinelium
1395 2056 1429 2122 in

307 2170 342 2234 F.
360 2169 394 2236 Ο.
417 2169 456 2235 G.
475 2169 511 2235 ΙΙ
530 2191 599 2254 pag.
623 2171 718 2234 1171.
766 2168 812 2233 De
837 2169 932 2234 vocali
949 2177 1066 2255 praeter
1090 2170 1341 2235 consuetudinem
1357 2192 1451 2255 pro·‚

308 2287 400 2368 ducta
419 2285 487 2350 vide
506 2307 583 2369 quae
599 2282 741 2348 adnotavi
755 2307 845 2370 supra
856 2307 925 2369 pag.
941 2287 978 2349 tt
1005 2285 1045 2358 ad
1057 2306 1102 2349 vs.
1116 2288 1192 2350 537.
1212 2283 1258 2351 cf.
1272 2307 1314 2350 vs.
1330 2286 1427 2352 1134.

350 2400 402 2468 Vs.
428 2396 502 2466 267.
547 2379 623 2464 Noli
654 2421 671 2462 e
702 2400 836 2464 versione
870 2422 936 2465 mea
968 2421 1037 2486 pag.
1072 2401 1132 2478 18,
1156 2408 1301 2486 quaeest
1324 2399 1427 2484 paullo

305 2515 439 2593 liberior,
462 2515 576 2579 efficere
600 2536 647 2578 me
669 2513 777 2578 habere
802 2514 940 2578 voculam
959 2533 1013 2582 ’τοι
1037 2535 1091 2598 pro
1113 2514 1292 2599 pronomine
1308 2513 1342 2578 ΙΙ
1358 2534 1428 2598 per·

200 2713 203 2725 Ι
305 2655 407 2698 οοοοο.
431 2629 531 2714 Magis
554 2629 593 2693 ad
618 2628 738 2692 literam
761 2628 877 2714 possis:
908 2627 1052 2715 Coqua-sci
1067 2629 1208 2717 profecto
1225 2640 1327 2716 potest
1343 2652 1427 2715 pau·

298 2759 422 2834 pertus,
457 2745 592 2834 quamuis
623 2743 726 2808 alieua
754 2744 810 2821 sit3
839 2743 861 2808 i.
890 2766 934 2823 e.,
966 2752 1001 2808 ut
1028 2744 1109 2822 dixi,
1132 2745 1200 2810 licet
1217 2745 1282 2831 ipre
1299 2767 1428 2832 pauper

304 2885 366 2925 aaa
388 2861 443 2940 sis,
461 2859 560 2947 faule
582 2859 654 2947 quid
675 2859 823 2946 qualeque
840 2872 1013 2946 paupertas
1034 2860 1089 2939 sit,
1110 2861 1278 2947 iatetteqas.

349 2977 401 3043 Vs.
427 2978 500 3042 295.
533 2975 583 3038 Ad
601 2975 806 3040 coniecturam
826 2996 922 3038 meam
942 2974 1023 3060 (pag.
1041 2978 1096 3060 tl)
1120 2975 1243 3061 insuper
1266 2975 1427 3040 conferan-

303 3101 354 3158 tur
377 3114 436 3158 vss.
460 3094 539 3169 593,
556 3091 631 3168 657,
651 3088 732 3167 969,
758 3088 809 3153 ubi
831 3088 983 3174 Theognis
1004 3089 1094 3155 verbo
1115 3096 1259 3158 οἰσᾶσθαι
1276 3112 1349 3156 usus
1365 3097 1423 3156 est.

347 3207 399 3274 Vs.
412 3207 496 3272 490:
521 3213 579 3290 τὴν
596 3206 631 3271 δὲ
649 3214 739 3280 θεοῖς
756 3206 915 3282 σπένδεις,
943 3213 1011 3290 τὴν
1036 3204 1065 3271 δ’
1078 3211 1142 3273 ἐπὶ
1165 3213 1292 3295 χειρὸς
1309 3211 1424 3294 ἔχεις.

302 3321 349 3384 Ex
380 3317 605 3404 suspitionibus
629 3319 762 3382 virorum
786 3317 947 3383 doctorum
973 3319 1049 3383 mihi
1073 3319 1195 3405 quidem
1220 3343 1292 3406 prae
1316 3320 1423 3388 ceteris

301 3436 401 3523 placet
428 3435 620 3520 Bergkiana‚
644 3435 838 3500 scribendum
862 3455 946 3500 esse:
979 3441 1038 3519 τὴν
1064 3434 1095 3501 δ’
1113 3441 1166 3503 ἐπὶ
1191 3438 1295 3523 χεῖλος
1316 3444 1423 3517 ἄγεις.

301 3551 415 3618 Nescio
439 3561 541 3617 tamen
565 3574 604 3616 an
628 3551 676 3616 vel
697 3551 796 3616 lenius
821 3549 1045 3616 emendandum
1070 3549 1130 3613 sit:

390 3677 448 3754 τὴν
473 3669 507 3735 δὲ
528 3678 616 3743 θεοῖς
640 3668 805 3747 andedam,
832 3677 875 3752 τῇ
899 3667 926 3732 δ’
944 3672 1013 3732 ἐπὶ
1039 3668 1183 3753 χεῖλος
1207 3669 1332 3753 ἔχεις.

345 3781 397 3848 Vs.
423 3785 498 3848 641.
523 3780 683 3866 Emperius
706 3785 785 3844 recte
809 3779 994 3844 addubitans
1017 3779 1176 3844 sanitatem
1202 3779 1326 3845 articuli
1348 3787 1422 3846 ante

302 3905 442 3988 ἐχθρόν,
465 3896 565 3961 minus
589 3895 718 3960 feliciter
741 3893 785 3959 sic
807 3894 947 3961 refinxit:
1065 3939 1070 3950 ·

431 4020 468 4082 οὔ
493 4041 555 4081 τοι
581 4012 609 4080 κ’
626 4012 741 4097 εἰδείης
765 4009 832 4078 οὔτ’
850 4015 965 4077 educar
990 4015 1061 4076 οὔτε
1087 4036 1150 4076 τοι
1175 4015 1308 4098 ἐχθρόν.

298 4126 519 4214 Reponendum
544 4126 679 4191 videtur:
703 4131 775 4193 οὔτε
800 4124 875 4192 τιν’
892 4128 1021 4210 ἐχθρόν.

344 4241 396 4308 Vs.
428 4244 490 4308 669
522 4263 587 4327 sqq.
620 4242 706 4326 (pag.
736 4241 812 4316 30):
844 4236 894 4301 Ad
918 4237 1099 4300 sententiam
1122 4237 1271 4322 imprimis
1294 4238 1329 4302 cf.
1356 4259 1419 4305 vsa.

301 4359 363 4421 133
388 4377 453 4443 sqq.

340 4471 395 4534 Vs.
420 4473 481 4538 817
508 4494 553 4557 sq.
584 4470 703 4555 spirant
726 4474 855 4533 aetatem
879 4473 910 4530 et
937 4465 1094 4550 ingenium
1124 4464 1417 4548 Alexandrinorum,

294 4587 333 4651 ad
355 4607 484 4671 qnorum
506 4584 679 4670 exemplum
703 4588 844 4666 argutum
870 4580 928 4643 hoc
951 4577 1103 4644 scribendi
1125 4599 1220 4663 genus
1241 4578 1274 4643 in
1296 4578 1417 4646 deliciis

298 4701 350 4766 uit
373 4702 471 4788 poetis
494 4697 632 4776 Latinis,
655 4720 726 4784 prae
749 4695 858 4762 ceteris
882 4692 1013 4760 Nasoni.
