3270 5374
695 605 713 669 3

144 794 289 858 55511555
320 793 536 858 immodulatur
569 800 622 859 aut
654 795 751 859 malus
782 797 842 875 551)
873 795 952 859 sive:
986 824 1019 879 μ.
1057 825 1080 862 ε.
1113 825 1144 864 5.
1181 805 1266 884 χρῆ-

145 938 214 976 ται
242 910 377 995 πολλῇ
401 913 461 976 ἔθ’
486 918 532 993 ή.,
559 909 621 972 sive
643 938 677 995 μ..
697 939 723 976 ε.
743 939 774 978 5Ι
802 917 915 977 οἰκεῖ
936 911 1070 996 πολλῇ
1093 938 1116 976 r.
1140 920 1170 995 η’.
1216 909 1265 974 Ν5

144 1029 247 1086 autem
278 1023 344 1106 quis
377 1027 468 1106 putet
502 1043 619 1102 versum
650 1023 693 1087 sic
725 1023 1000 1111 1ο55551555(μηο’
1027 1030 1054 1090 εἰ
1078 1033 1135 1092 usic
1160 1025 1269 1110 πολλῇ

144 1143 229 1202 οἰκεῖ
257 1142 290 1202 15
319 1139 446 1223 ἡσυχίῃ)
478 1135 662 1206 intolerabili
696 1137 833 1202 laborare
864 1137 968 1214 hiatu,
1001 1137 1071 1202 hnic
1103 1137 1266 1202 obiectioui

146 1249 261 1334 duplici
284 1251 398 1314 ratione
421 1257 520 1334 potest
545 1252 670 1319 occurri.
695 1251 779 1316 Nam
805 1258 857 1316 aut
882 1250 1006 1316 concedi
1030 1260 1132 1336 potest
1148 1253 1266 1317 hiatum

146 1364 268 1449 quidem
285 1387 358 1444 esse,
380 1388 447 1430 eum
465 1373 640 1430 tamennon
658 1367 754 1451 magis
769 1366 995 1431 intolerabilem
1013 1389 1104 1452 quam
1121 1389 1166 1431 vs.
1184 1369 1264 1431 535:

145 1490 183 1548 ori
217 1508 293 1547 nors
327 1482 456 1569 0552515)
491 1483 611 1566 κεφαλὴ
646 1489 735 1549 ἰθεῖα
756 1483 782 1567 1)
815 1483 969 1566 uiperea,
1005 1481 1030 1544 si
1056 1481 1180 1565 quidem
1203 1503 1266 1546 non

145 1593 206 1656 arsi
234 1601 354 1658 tantum
379 1594 547 1659 sedetiam
572 1617 695 1661 5555555
720 1603 849 1680 utroque
872 1595 938 1660 loco
962 1603 1122 1660 excusetur
1141 1597 1190 1679 1),
1215 1603 1269 1660 551

147 1685 300 1792 perhiberi
329 1708 416 1786 οἶκος
449 1710 602 1794 epicorum
634 1732 715 1774 more
747 1710 828 1794 apud
859 1709 1067 1794 Theognidem
1100 1711 1265 1775 retinuisse
1297 1694 1300 1700 ⁵

146 1821 267 1886 literam
291 1822 455 1888 Aeolicam.
481 1821 575 1886 Cuius
597 1823 703 1888 literae
727 1823 777 1888 hic
799 1824 864 1888 illic
883 1824 963 1909 apud
981 1832 1120 1892 nostrum
1139 1825 1269 1908 vestigia

148 1944 265 2001 5555515
281 1944 369 2017 5551,
391 1957 465 2024 quae
481 1937 716 2022 diligenter'h.l.
739 1937 901 2002 annotabo.
925 1937 1055 2022 Legitur
1078 1935 1113 2007 εὖ
1135 1941 1269 2028 ipius

149 2075 206 2118 555.
240 2054 322 2130 368,
354 2055 436 2131 573,
464 2056 545 2132 955,
576 2056 681 2132 1263,
712 2055 796 2117 1266
828 2053 951 2136 (55051.
977 2054 1072 2140 482),
1099 2051 1133 2122 εὖ
1152 2053 1270 2127 515055

150 2167 243 2252 (quod
267 2167 316 2231 551
338 2168 451 2232 Atticis
475 2169 571 2252 poetis
591 2168 739 2232 familiare
758 2171 817 2252 551)
839 2171 914 2247 375,
940 2178 1119 2260 popponem
1146 2174 1269 2239 sinor

149 2284 231 2356 389,
266 2289 365 2350 κακὸν
401 2285 434 2349 δὲ
468 2289 507 2348 οἱ
539 2285 600 2346 391
632 2282 681 2366 (51.
708 2285 788 2361 519,
824 2283 907 2345 1256
931 2290 961 2345 51
990 2284 1101 2366 1376),
1135 2285 1210 2350 οὐδέ
1232 2311 1270 2369 με

149 2393 264 2472 οἶνος
287 2397 350 2459 413
377 2395 440 2478 (sed
464 2396 501 2462 cf.
525 2398 607 2475 470,
635 2399 716 2476 475,
742 2399 824 2476 484,
851 2398 934 2474 879,
959 2399 1039 2476 892,
1068 2400 1186 2484 1039),
1213 2404 1269 2465 505

150 2513 288 2578 aaran
311 2493 426 2578 5555
452 2513 533 2588 sao,
561 2509 613 2574 uu
636 2511 669 2575 in
693 2498 976 2592 5555555155
1003 2515 1152 2582 ..5551
1177 2513 1271 2597 surp-

150 2633 215 2689 tnm
247 2632 365 2688 exstare
394 2622 515 2688 docebit
546 2624 663 2710 Bergk,
698 2629 798 2694 icbloi
823 2631 857 2694 δὲ
884 2631 984 2713 ἔργα
1011 2629 1110 2692 1167.
1158 2626 1272 2691 Contra

150 2743 252 2827 ἕργμα
274 2762 423 2824 nusquam
447 2738 527 2824 apud
547 2740 603 2804 uh.
627 2739 718 2806 habet
742 2741 903 2826 digamma.
948 2739 994 2805 Of.
1021 2763 1076 2804 55.
1102 2762 1161 2805 555.
1187 2741 1268 2817 464,

186 3015 210 3074 1)
229 3014 285 3062 1555
302 3014 357 3062 1555
374 3015 442 3063 lectio
459 3021 550 3078 recepta
568 3024 603 3064 551
620 3032 645 3064 er
664 3016 752 3080 optimo
773 3016 849 3065 550155
870 3031 912 3079 pro
930 3015 1004 3063 511555
1024 3030 1093 3077 qnam
1112 3015 1196 3079 reliqui
1217 3015 1273 3063 libri

150 3105 376 3181 1555551503515,
402 3124 475 3172 neque
501 3108 582 3156 055115
608 3125 641 3159 55.
666 3107 713 3158 806
734 3108 898 3170 corrigendum
917 3124 966 3156 5555
987 3107 1123 3176 10055555
1144 3113 1168 3156 51
1187 3123 1221 3154 vs.
1240 3107 1272 3154 40

150 3201 299 3268 ἰθυντῆρα.
328 3202 390 3250 Vera
408 3203 524 3265 scriptura
542 3207 633 3251 5555515
652 3208 688 3250 551
707 3201 762 3258 330,
782 3201 845 3260 390,
865 3201 924 3258 535,
944 3201 1026 3260 1026;
1045 3217 1086 3250 555
1103 3218 1141 3250 ure
1159 3207 1273 3258 55555155,

150 3312 219 3360 quem
237 3297 314 3360 Bergk
332 3296 359 3345 50
379 3313 412 3345 55.
433 3301 501 3346 stum
519 3297 586 3346 511551
604 3297 667 3346 15555
685 3295 776 3346 8515515
797 3297 840 3347 IV.
859 3296 898 3353 37,
918 3296 957 3360 qni
975 3297 1030 3346 item
1049 3296 1145 3348 130555
1157 3294 1275 3358 scripsisse

152 3389 209 3438 mihi
226 3389 329 3441 videtur.

186 3482 211 3542 2)
230 3483 333 3531 Multum
350 3488 428 3532 tamen
440 3483 524 3545 515551,
541 3489 566 3530 51
584 3483 608 3530 15
627 3481 686 3530 thesi
704 3487 727 3530 51
744 3486 810 3530 extra
827 3495 946 3529 caesuram
963 3481 1041 3530 eadem
1061 3482 1167 3544 elegiacis
1177 3482 1271 3532 11555115

151 3575 307 3638 permittenda
323 3575 360 3624 sit.
392 3573 481 3622 Iniuria
497 3549 570 3636 igitur
587 3573 720 3636 nuperrime
741 3587 785 3620 van
807 3571 848 3620 055
867 3571 922 3635 Moy
939 3572 964 3619 in
978 3571 1069 3631 libello,
1087 3575 1126 3637 qui
1138 3573 1275 3624 inscribitur

152 3667 262 3716 815015
279 3667 478 3730 Theognideu
497 3682 548 3729 pag.
570 3666 600 3715 13
619 3665 739 3714 contendit
757 3681 790 3714 55.
812 3666 857 3713 341
869 3670 928 3729 'sq.:
948 3664 1018 3715 ἀλλὰ
1030 3665 1087 3717 Ζεῦ
1101 3667 1214 3718 cilenis
1227 3685 1273 3728 555

151 3759 287 3824 ’01055555
312 3759 419 3830 scipsos
437 3759 537 3827 εὐχῆ5,
560 3758 679 3817 576501
700 3778 758 3821 μοι
777 3758 839 3810 dart
859 3759 949 3810 555κῶ5
968 3763 1013 3810 ani
1034 3779 1061 3811 τι
1082 3760 1275 3826 5550515055-

151 3855 206 3906 etv
226 3855 389 3904 eliminandum
411 3870 459 3902 esse
480 3855 638 3916 importunam
658 3850 701 3901 sibi
722 3853 825 3901 voculam
847 3854 889 3903 δέ.
924 3853 973 3902 Ν55
994 3861 1071 3904 tamen
1090 3858 1166 3918 magis
1185 3856 1276 3918 impor-

153 3955 210 3996 1555
237 3952 271 3995 551
294 3948 336 3995 hoc
359 3947 408 3996 loco
431 3961 500 4008 quam
525 3945 619 3994 vs.12:
639 3944 778 4011 εὐχομὲνῳ
795 3964 841 4009 μοι
860 3945 959 4006 alnisio,
979 3950 1063 4006 κακὰς
1082 3943 1170 3998 δ’ἀπὸ
1192 3950 1276 4014 κῆρας

152 4037 343 4089 5151558505
361 4042 438 4086 autem
456 4040 563 4099 apertum
582 4041 629 4094 551,
648 4053 694 4089 555.
712 4039 727 4086 2
745 4043 768 4085 51
786 4037 834 4086 329
851 4038 952 4099 51368,
969 4039 1130 4102 5555155051,
1145 4055 1213 4104 quem
1227 4040 1278 4089 5511

153 4135 242 4184 hiatum
262 4131 356 4182 minime
376 4129 444 4178 tueri.
480 4129 595 4179 15555155
617 4131 771 4193 aliquatenus
796 4147 829 4182 55.
849 4131 928 4192 1257,
955 4131 975 4180 51
994 4137 1113 4182 constaret
1132 4132 1276 4182 Weiclernm

159 4233 226 4276 recte
246 4225 382 4276 smendsse:

339 4299 441 4378 515551,
460 4321 634 4371 incisores
653 4317 902 4383 55515551555555555
922 4319 1013 4382 tucior
1033 4318 1089 4372 551.

155 4429 197 4477 pro
213 4415 317 4462 omnium
335 4411 449 4462 librorum
466 4414 584 4478 scriptura
603 4415 821 4465 5553055555.
846 4413 889 4461 850
909 4430 955 4462 555
974 4415 1034 4464 male
1052 4411 1132 4474 Bergk
1151 4413 1174 4462 iu
1192 4411 1227 4460 50.
1241 4411 1276 4462 11:

457 4491 561 4570 515555,
581 4511 740 4577 struices
759 4504 792 4561 εἴ
810 4509 850 4561 ori
869 4509 949 4560 55515.

190 4600 266 4649 Possis
284 4616 387 4668 quoque:
406 4603 629 4672 κιλλοὺροισι
649 4604 704 4657 sai.
731 4605 765 4652 De
783 4602 896 4652 moticills
912 4603 1019 4652 51055155
1038 4601 1149 4652 Aelianus
1167 4595 1279 4650 051111.

155 4692 204 4742 XlI
222 4693 246 4742 9.
282 4693 358 4744 Verbo
376 4696 527 4766 5555111555
547 4715 601 4750 usus
618 4704 654 4748 est
670 4697 786 4761 Theognis
805 4711 839 4748 55.
861 4695 918 4752 303.

1097 4786 1146 4856 1¹1·
