3270 5374
872 584 911 650 10

419 782 508 853 θεοῖς
533 778 643 862 εὔχου,
668 785 793 844 θεοῖσιν
815 778 870 844 ἔπι
891 787 1024 864 κράτος,
1051 783 1139 846 οὗτοι
1162 786 1239 866 ἄτερ
1264 787 1352 850 θεῶν

419 893 566 972 γίγνεται
590 892 782 976 ἀνθρώποις
806 892 871 959 οὔτ’
891 895 990 974 ἀγάθ’
1018 899 1088 960 οὔτε
1111 904 1208 962 κακά·

417 1009 454 1072 ὃν
475 1005 508 1072 δὲ
534 1014 608 1070 θεοῖ
630 1003 750 1089 τιμῶσ’,
774 1011 808 1082 ὃς
832 1015 885 1100 καὶ
914 1015 1110 1092 κωμεύμενος
1134 1017 1224 1086 ἄνει,

379 1114 381 1120 ’
416 1121 533 1203 ἀνδρὸς
559 1121 600 1185 δὲ
619 1122 741 1203 σπονδὴ
765 1123 911 1202 γίγνεται
935 1123 1102 1209 οὐτιύάνη.

309 1217 478 1298 ‘Ultimum
504 1254 620 1297 versum
644 1254 704 1297 non
731 1255 793 1298 esse
819 1241 1008 1318 κοκόφωνον
1032 1234 1151 1300 docebit
1172 1259 1214 1300 ve.
1242 1238 1324 1303 180:

490 1350 646 1436 δίζησθαι
672 1349 853 1436 χαλεπῆς,
882 1356 1007 1436 Κύρνε,
1034 1351 1124 1418 λύσιν
1144 1355 1286 1437 πενίης.

328 1462 375 1528 Of.
406 1463 466 1527 lte
491 1463 641 1546 multique
664 1463 714 1526 alii
739 1463 819 1548 apud
843 1464 1059 1548 Theognidem.
1097 1465 1187 1546 Quod
1210 1472 1314 1530 autern
1339 1470 1449 1549 ηἰγνε-

328 1607 380 1644 τοι
401 1577 425 1662 l)
456 1577 563 1662 scripsi
586 1599 674 1642 nemo
696 1577 826 1663 amplius
851 1579 938 1642 oredo
959 1579 1141 1663 improbabit
1164 1586 1233 1665 post
1256 1602 1290 1644 ea
1314 1579 1449 1644 maxime

325 1713 419 1777 quae,
454 1698 487 1755 ut
517 1691 575 1756 alia
609 1693 665 1756 hoc
696 1715 793 1778 genus
825 1693 938 1773 multe,
972 1694 1114 1778 diligenti
1147 1701 1282 1760 veterum
1316 1695 1448 1780 inscrip-

327 1807 445 1872 tionum
467 1790 756 1873 ccllatione'docuit
781 1808 823 1873 N.
848 1809 1055 1874 Wecklein
1076 1810 1110 1873 iu
1134 1832 1225 1874 aureo
1248 1810 1365 1890 libello,
1388 1811 1444 1894 qui

327 1922 517 1988 inscribitur:
559 1922 659 1990 Carae
694 1924 909 2009 cpiprapbicoe
942 1927 984 1988 ad
1020 1921 1260 1990 Grammaticom
1294 1923 1450 1990 Graecam

328 2049 356 2103 et
375 2049 486 2123 poetar
507 2039 635 2102 scenicos
651 2040 839 2124 pertinentes
861 2062 891 2123 p.
918 2042 956 2102 56
983 2061 1027 2122 sq.
1068 2039 1157 2120 Quod
1183 2041 1340 2124 egregium
1369 2061 1449 2124 opu-

328 2153 445 2216 sculum
469 2151 581 2216 criticis
605 2153 695 2218 etiam
720 2160 812 2236 atque
836 2152 925 2216 etiam
951 2153 1138 2219 commendo.

328 2268 382 2333 Vs.
410 2267 482 2332 173.
515 2267 609 2353 ἄνδρ’
634 2270 764 2347 circitor
790 2270 886 2353 πενίη
912 2275 1042 2334 πάντων
1065 2269 1202 2353 δάμνησι
1225 2268 1364 2351 μάλιστα

515 2391 569 2450 καὶ
590 2392 692 2468 γήρως
715 2383 879 2459 πολιοῦ,
904 2391 1029 2465 Κύρνε,
1055 2387 1109 2448 καὶ
1130 2383 1283 2465 ἠπιάλου·

327 2497 420 2562 Haud
450 2497 557 2582 ignoro
583 2495 698 2560 Graece
722 2494 783 2559 dici
803 2497 943 2579 μάλιστα
967 2504 1032 2564 τῶν
1056 2497 1165 2565 ἄλλων
1178 2499 1360 2608 ,ῢμέγιστος
1380 2503 1449 2566 τῶν

325 2616 611 2701 προγεγενημένων
636 2611 806 2695 similiaque
832 2611 883 2693 (cf.
911 2612 1001 2709 812),
1029 2633 1104 2696 quae
1130 2618 1273 2676 anostra
1298 2610 1450 2694 loquendi

220 2777 223 2785 -
327 2728 549 2794 consuetudine
583 2726 771 2811 discrepaut3
802 2725 902 2789 locum
938 2731 1039 2789 tamen
1075 2726 1200 2790 huiusce
1231 2725 1359 2790 similem
1397 2748 1449 2790 me

325 2844 425 2928 legere
449 2831 511 2910 noir
540 2843 672 2908 memini.
720 2841 801 2905 Nam
825 2839 906 2927 quod
930 2863 988 2906 uss.
1015 2841 1078 2905 273
1107 2863 1172 2926 sqq.
1198 2839 1359 2905 scribitur:

371 2966 436 3027 τῶν
464 2969 597 3027 πάντων
622 2961 656 3026 δὲ
682 2965 834 3026 κάκιστον
861 2961 895 3025 ἐν
919 2959 1127 3044 ἀνθρώποις,
1153 2965 1302 3024 θανάτου
1329 2984 1362 3023 τε

371 3077 426 3138 καὶ
454 3075 581 3140 πασέων
606 3081 727 3142 νούσων
754 3078 819 3140 ἐστι
844 3078 1145 3159 πονηρότατον
1174 3079 1240 3140 κτὲ.

325 3186 370 3250 ibi
392 3187 519 3251 maxime
542 3187 581 3251 ch
605 3187 744 3252 additum
767 3197 915 3258 θοινάτοο
939 3188 990 3250 vix
1015 3186 1123 3250 dubito
1145 3185 1350 3271 Hartungium
1367 3184 1449 3250 bene

327 3301 512 3384 rescripsisse
544 3310 852 3389 πονηρότερον,
892 3322 986 3385 quum
1021 3300 1213 3384 praesertim,
1245 3299 1325 3383 quod
1358 3321 1450 3364 nemo

325 3417 571 3502 palaeographiae
595 3417 710 3502 peritus
734 3418 872 3500 ignorat,
899 3416 1170 3501 comparativorum
1194 3423 1224 3479 et
1249 3415 1449 3500 superlativo·

327 3555 393 3596 rum
418 3533 646 3599 terminationes
672 3541 817 3618 perpetuo
841 3531 1072 3597 confundantur.
1101 3531 1211 3617 Neque
1236 3554 1308 3597 vero
1333 3530 1450 3595 utrius-

326 3668 383 3731 que
412 3647 472 3712 ]oci
503 3648 608 3730 eadem
636 3648 712 3713 ratio
738 3655 794 3713 est.
842 3647 895 3712 Vs.
921 3647 1001 3712 enim
1032 3649 1114 3726 174,
1146 3647 1172 3712 si
1200 3647 1276 3712 nihil
1300 3671 1317 3712 a
1341 3648 1450 3712 scribis

327 3769 482 3846 peccatum
515 3769 580 3840 est,
611 3785 627 3826 e
657 3763 796 3847 μάλιστα
828 3785 871 3827 rs.
905 3763 1111 3847 praecedentis
1138 3772 1238 3828 mente
1263 3764 1454 3849 repetendus

327 3879 445 3942 videtur
469 3879 688 3962 comparativus
710 3880 846 3963 μᾶλλον.
881 3877 992 3943 Nescio
1017 3884 1121 3942 tamen
1147 3901 1185 3942 an
1209 3878 1314 3962 potius
1336 3886 1447 3964 poetae

329 4017 435 4086 manus
459 3994 550 4058 haece
574 3995 685 4060 fuerit:

483 4118 538 4176 καὶ
563 4122 664 4198 γήρως
688 4112 853 4188 πλεῖον,
878 4118 1004 4196 Κύρνε,
1028 4117 1082 4176 καὶ
1105 4113 1260 4194 rinnai-cfr,
1328 4099 1333 4108 Ι

328 4231 363 4287 ut
394 4223 536 4288 librarius
568 4225 599 4289 in
635 4225 826 4290 evanescenti
860 4225 1009 4310 scriptura
1044 4226 1237 4290 notissimum
1273 4225 1445 4289 senectutis

327 4339 486 4423 epitheton
513 4340 612 4405 videre
639 4341 696 4406 sibi
720 4342 802 4406 visus
825 4364 889 4406 esse
912 4340 1061 4406 credatur.
1088 4378 1129 4388 -
1154 4339 1333 4425 Sequuntur
1356 4337 1444 4402 nobi·

325 4452 433 4517 lissimi
458 4477 536 4532 vsa,
560 4478 634 4541 quos
658 4457 799 4521 certatim
823 4463 937 4521 veteres
961 4455 1101 4521 laudaut:
1386 4443 1387 4452 ἵ

365 4706 387 4778 l)
407 4705 445 4753 Ite
462 4711 525 4756 recta
542 4723 587 4758 van
605 4709 646 4759 der
664 4711 729 4776 Moy,
746 4727 813 4774 quem
832 4711 883 4760 vide
901 4711 930 4759 ud
947 4708 1033 4758 calcem
1051 4723 1074 4771 p.
1093 4708 1119 4755 1.,
