3270 5374
823 579 865 640 14

285 792 361 834 sam:
386 767 480 846 addo,
504 768 578 832 satis
601 767 769 850 elegantem
792 773 839 845 et,
862 763 943 829 unde
966 784 1029 829 non
1051 763 1140 828 valde
1163 765 1311 830 novitiam
1338 787 1403 831 esse

281 889 421 967 apparet,
448 902 585 946 sermone
608 903 685 966 puro
708 875 915 964 conscriptam
936 878 1135 964 numerisque
1155 878 1241 943 valde
1257 880 1404 945 suavibus

281 1019 315 1060 ac
338 996 510 1060 modulatis.
534 995 608 1060 Nou
634 1003 732 1060 tamen
758 995 854 1080 spirat
873 993 957 1058 illam
973 993 1220 1078 simplicitatem,
1245 1016 1305 1078 qua
1321 996 1402 1059 anti·

283 1111 425 1195 quissima
455 1109 639 1174 Graecorum
672 1110 771 1194 poesis
804 1108 936 1194 insignis
966 1114 1030 1187 est,
1065 1109 1110 1173 ita
1137 1116 1173 1174 ut
1197 1108 1310 1173 dudum
1334 1117 1403 1195 post

281 1224 487 1310 Theognidem
518 1224 672 1288 conditam
701 1247 764 1288 esse
789 1223 916 1290 habeam
940 1245 1116 1308 persuasum
1140 1245 1196 1287 uec
1219 1231 1402 1309 autequam,
1493 1297 1498 1306 Ι
1608 1294 1613 1308 ,

248 1359 251 1364 ·
284 1348 319 1402 ut
341 1339 383 1402 ait
404 1338 597 1424 Bernhardy,
624 1345 689 1403 tam
711 1337 843 1404 Athenis
867 1360 957 1422 quam
977 1338 1008 1403 in
1029 1338 1143 1424 reliqua
1164 1338 1292 1403 Graecia
1308 1341 1403 1424 (καθ’

283 1455 429 1521 Ἑλλάδα
455 1493 499 1500 -
534 1453 583 1536 ἠδ’
609 1459 673 1521 α’νὰ
700 1456 826 1538 νήσους)
852 1452 983 1517 carmina
1006 1451 1202 1535 Theognidea
1226 1452 1258 1515 in
1283 1437 1403 1536 sympe-

282 1567 335 1631 siis
366 1567 595 1632 cantitareutur.
642 1566 709 1630 Van
741 1567 793 1630 der
825 1566 896 1652 Mey
927 1566 954 1629 si
985 1565 1167 1641 audiamus,
1196 1566 1304 1630 clausit
1328 1565 1401 1630 elim

281 1681 392 1747 librum
415 1682 543 1747 alterum
568 1681 751 1766 elegiarum,
780 1682 833 1765 qui
856 1686 940 1745 totus
962 1687 1009 1758 est
1033 1678 1069 1743 de
1092 1680 1212 1764 impuro
1239 1702 1401 1764 puerorum

282 1818 392 1862 amore.
416 1794 502 1874 Quae
526 1797 677 1860 sententia
699 1818 761 1861 non
785 1818 856 1860 saue
879 1802 925 1876 est
947 1818 1070 1881 prorsus
1085 1796 1297 1881 improbabilis
1312 1817 1402 1881 prop-

283 1919 330 1976 ter
351 1919 500 1978 extremos
522 1911 591 1976 illos
616 1935 718 1976 versus
742 1914 805 1976 253
831 1931 894 1994 sq.:
1339 1925 1340 1931 ’

415 2031 517 2114 αὐτὰρ
538 2029 600 2110 ἐγὼ
623 2028 734 2113 ὀλίγης
759 2035 845 2114 παρὰ
869 2036 921 2093 σεῦ
946 2031 982 2094 οὐ
1006 2036 1156 2115 τυγχάνω
1180 2027 1300 2106 αἰδοῦς,

416 2143 488 2208 ἀλλ’
513 2146 616 2227 ὥσπερ
640 2147 754 2226 μικρὸν
783 2144 886 2208 παῖδα
911 2141 1018 2222 λόγοις
1041 2143 1073 2226 μ’
1089 2145 1237 2220 ἅπατᾶς,

282 2255 372 2320 modo
407 2278 507 2320 revera
538 2254 576 2318 ad
607 2255 686 2318 hauc
714 2254 843 2338 elegiam
867 2255 939 2319 olim
964 2256 1190 2340 pertinuerint3
1225 2279 1285 2342 qua
1310 2256 1347 2320 de
1370 2279 1402 2320 re

284 2372 373 2436 etiam
425 2377 548 2456 propter
578 2370 721 2434 vitiosum
756 2371 864 2455 prioris
899 2393 1001 2436 versus
1036 2394 1200 2436 sermonem
1224 2371 1343 2437 dubito.
1374 2371 1401 2452 1)

282 2485 391 2550 Cobeti
408 2492 509 2549 autem
526 2485 689 2550 correctio:
715 2487 816 2572 αὐτὰρ
835 2488 896 2566 ἐγὼ
921 2488 965 2552 οὐ
976 2487 1004 2553 δ’
1019 2489 1128 2574 ὀλίγης
1145 2493 1233 2573 παρὰ
1250 2495 1301 2553 σεῦ
1327 2498 1400 2555 νῦν

284 2611 433 2688 τνγγάνω
463 2603 572 2678 αἰδοῦς
602 2599 647 2663 ita
679 2598 799 2662 demum
823 2599 977 2682 probanda
1000 2599 1095 2678 foret,
1121 2601 1146 2664 si
1170 2623 1187 2664 a
1210 2600 1290 2665 bono
1314 2607 1401 2685 poeta

284 2715 339 2779 hos
361 2737 419 2778 uss.
443 2713 593 2798 profectos
616 2735 679 2776 esse
702 2719 863 2780 constaret.
1122 2707 1123 2711 ’

327 2828 406 2896 Sunt
438 2850 507 2892 vero
538 2828 570 2892 hi
603 2828 663 2893 duo
687 2851 744 2895 vss.
756 2879 765 2909 ,
796 2836 857 2894 tam
880 2828 1005 2894 formam
1029 2849 1118 2912 quam
1141 2837 1353 2915 argumentum
1377 2831 1402 2895 si

283 2942 497 3026 respiciamus,
532 2942 723 3027 dignissimi,
755 2944 808 3029 qui
840 2943 960 3008 eroticis
990 2944 1059 3008 istis
1082 2952 1306 3011 accenseantur.
1353 2945 1402 3010 Ad

282 3054 366 3120 illam
396 3056 477 3140 quod
500 3057 627 3136 attinet,
651 3058 742 3123 verbo
766 3080 861 3142 pauca
884 3057 1008 3122 notabo:
1040 3058 1093 3123 Vs.
1121 3060 1203 3123 1247
1230 3067 1401 3146 φρόντισον

285 3175 383 3260 ἔχθος
407 3177 481 3257 ἐμὸν
505 3180 565 3251 παὶ
591 3176 830 3261 ὑπέρβασιν
856 3194 910 3259 pro
935 3180 990 3239 καὶ
1014 3181 1087 3256 σὴν
1110 3177 1302 3262 ὑπέρβασιν.
1350 3172 1402 3238 Vs.

288 3288 373 3350 1259
398 3291 465 3354 ἐπί
475 3316 597 3366 κειται,
620 3287 673 3352 ubi
688 3289 881 3374 antiquorum
898 3309 971 3352 usus
987 3287 1114 3372 requirit
1135 3295 1338 3376 περίκειται
1356 3289 1404 3354 vel

289 3407 507 3487 ἀμφίιειται.
534 3402 586 3468 Vs.
614 3405 697 3466 1305
721 3410 752 3468 et
775 3403 897 3488 saepius
921 3405 1055 3489 παιδιίη
1072 3423 1126 3487 pro
1142 3408 1217 3491 ἥβη.
1246 3404 1298 3470 Vs.
1319 3407 1401 3470 1305

290 3539 333 3601 sq.
362 3523 456 3604 θύμῳ
486 3522 582 3601 γνούς
604 3555 647 3564 -
670 3528 764 3587 τοῦτο
795 3524 924 3597 curate:
958 3517 1181 3603 ingratissima,
1215 3519 1404 3602 paucissimis

288 3631 492 3716 interpositis,
517 3631 719 3711 abundantia,
743 3632 826 3716 quali
848 3633 959 3696 iterum
976 3631 1159 3696 offendimur
1175 3654 1220 3698 vs.
1239 3635 1322 3697 1312
1341 3656 1403 3718 sq.:

289 3757 480 3823 τούτοις-
505 3747 541 3813 οὐ
564 3752 622 3832 μὲν
646 3751 684 3831 δὴ
710 3754 846 3825 τούτοις.
873 3748 928 3811 Vs·
957 3748 1038 3811 1307
1066 3752 1193 3836 βιήσιαι
1217 3769 1306 3812 sensu
1329 3747 1402 3812 Pas·

289 3861 370 3942 sivo,
395 3861 502 3926 deinde
527 3861 715 3927 subabsurde
738 3868 847 3951 ὄβριμοι
872 3865 1010 3930 παίδων.
1034 3861 1086 3927 Vs.
1115 3863 1198 3924 1309
1218 3868 1323 3948 ὥσπερ
1341 3867 1403 3946 ἐγὼ

289 3984 347 4046 νῦν
371 3968 428 4044 ὧδ’
442 3983 494 4046 ἐπὶ
518 3985 577 4046 σοι’.
604 3977 749 4042 Abundat
774 3972 846 4050 ὧδε,
875 3975 927 4040 sed
951 3983 1047 4040 metro
1073 3976 1186 4060 aliquid
1203 3977 1232 4043 h.
1248 3977 1267 4042 l.
1286 3977 1403 4057 deerat,

290 4097 324 4154 ut
340 4098 494 4175 supererat
509 4114 551 4157 vs.
571 4092 667 4156 1247.
684 4091 737 4157 Vs.
751 4093 834 4156 1311
850 4093 990 4177 διῶμμαι
1004 4112 1057 4176 pro
1072 4094 1231 4179 διιόρακα.
1253 4091 1303 4155 Vs.
1320 4095 1402 4157 1316

289 4209 422 4294 ἕχοισθα
447 4217 481 4292 [ε.
505 4209 640 4295 spreta,
666 4206 703 4271 cf.
729 4205 819 4291 ng.)
846 4206 1016 4271 subiectum
1040 4214 1086 4270 est
1108 4206 1322 4272 Aeelensibus.
1351 4207 1403 4273 Vs.

292 4321 376 4382 1322
400 4325 495 4402 γνούς
520 4323 590 4406 ἔρος
614 4325 656 4397 ὡς
681 4321 822 4408 χαλεπὸν
845 4326 971 4404 γίνεται
995 4325 1090 4410 ἀνδρὶ
1116 4327 1234 4409 φέρειν.
1281 4323 1405 4388 Veteres

288 4433 403 4498 solent:
435 4437 531 4516 γνούς
562 4438 657 4520 ἔρον
688 4440 730 4513 ὠς
763 4443 829 4503 nri.
877 4435 915 4504 V.
948 4438 1030 4501 1357
1057 4441 1323 4523 παιδοφιλής
1348 4462 1405 4527 qua

324 4656 349 4724 1)
366 4658 416 4708 Iam
429 4657 540 4720 Welclrer,
555 4663 580 4708 ut
592 4658 650 4708 hunc
662 4659 779 4724 plagulam
790 4663 910 4723 corrigens
922 4661 1087 4722 animadverti,
1101 4679 1139 4712 eos
1151 4681 1164 4714 a
1176 4665 1270 4731 reliquis
1279 4666 1406 4730 separavit.

1358 4819 1362 4876 i

1363 4983 1368 5028 1
