3270 5374
724 583 764 648 25

296 777 323 839 εἰ
344 778 403 857 μὲν
426 773 499 858 ἰ’σην
524 777 667 864 γνώμῃ
694 779 846 861 ῥώμην,
873 781 1089 862 Δημόσθενες,
1114 774 1204 865 εἶχες,

297 895 409 957 οὔποτ’
433 893 476 956 ὸιν
500 888 669 973 Ἑλλήνων
693 888 788 977 ἦρχεν
813 888 923 977 ’Ἄρης
948 893 1127 958 Μακεδών.

144 1041 148 1049 -
233 1003 389 1067 Sescentos
412 1001 559 1067 eiusmodi
583 1002 669 1067 lusus
692 1002 745 1086 qui
770 991 827 1067 hoc
849 1011 922 1089 agat
939 1026 976 1069 ex
1000 1004 1160 1090 utriusque
1181 1005 1304 1093 linguae

186 1115 385 1202 scriptoribus
409 1117 513 1182 afferre
536 1138 629 1202 parvo
653 1117 779 1202 negotio
802 1118 908 1204 possit.
1227 1108 1230 1115 ¹

229 1234 368 1328 Vedii
395 1256 481 1319 sqq.:

294 1350 424 1428 πολλοῖς
448 1353 632 1437 ἀνθρώπων
657 1351 783 1438 γλώσσῃ
808 1357 908 1435 θύραι
932 1355 989 1420 οὸκ
1016 1356 1196 1420 ἐπίκεινται

295 1463 472 1550 ἁρμὸὸιοιι,
497 1467 552 1530 ιιοιί
577 1490 651 1548 σφιν
677 1466 771 1533 πόλλ’
796 1467 943 1553 α’μέλητοι
965 1468 1065 1552 μέλει.

232 1576 299 1640 Ηοο
322 1583 384 1655 est,
411 1576 492 1662 quod
514 1599 603 1642 nemo
627 1600 688 1643 non
712 1578 816 1645 videt:
841 1579 935 1648 Multi
953 1582 1087 1648 domines
1113 1583 1242 1647 ιοοιιιὸο
1260 1581 1306 1645 ci-

184 1704 271 1772 cuut,
306 1703 472 1780 curentque
501 1715 562 1756 νιονι
592 1695 740 1759 curanda.
787 1693 845 1785 Sed
881 1703 1072 1762 controversa
1104 1704 1194 1776 sunt,
1229 1717 1306 1782 quae

185 1813 377 1891 sequuntur:

276 1924 415 1992 πολλάκι
439 1928 499 2010 γὰρ
523 1927 558 1989 τὸ
583 1929 683 1992 κακὸν
709 1929 942 2012 κατακείμενον
967 1929 1064 1997 ἕνὸον
1082 1935 1228 2013 ἄμεινον,

277 2040 394 2109 ε’σθλὸν
420 2039 448 2106 δ’
474 2040 607 2119 ἐξελθὸν
633 2040 731 2110 λώιον
755 2049 776 2127 ἤ
798 2046 1010 2112 τὸνκοικὸν.

232 2155 385 2220 Ultimum
421 2159 539 2219 versum
571 2152 680 2218 vitium
716 2155 901 2220 contraxisse
930 2177 1020 2220 nemo
1054 2152 1140 2218 facile
1174 2129 1306 2238 neg⁶abit
1429 2228 1432 2236 Ι

185 2268 302 2334 Verum
325 2268 412 2333 valde
436 2268 527 2333 miror
550 2268 715 2354 Bergkium
739 2271 848 2335 ultimo
872 2271 971 2335 versui
995 2270 1067 2335 olim
1091 2270 1169 2334 hanc
1188 2274 1309 2333 senten-

185 2384 261 2449 tiam
294 2384 387 2448 fuisse
411 2383 578 2450 dicentem:
611 2385 737 2464 ὸοιιιιοι,
766 2387 846 2472 quod
876 2385 1077 2474 ὸὸιοιλροοιιοι,
1102 2385 1178 2470 plue
1211 2383 1309 2448 nocuit

186 2523 281 2588 quom
303 2501 436 2580 οιοὸιιοι,
460 2498 560 2583 ¹qualia
582 2499 733 2564 sententia
759 2500 911 2585 quomodo
936 2523 1006 2566 cum
1033 2497 1216 2585 praegressis
1239 2519 1310 2562 con-

187 2613 282 2678 ciliari
306 2613 412 2700 possit,
436 2614 500 2700 ipse
524 2613 571 2678 vir
589 2613 766 2700 ingeniosus
783 2615 895 2682 rideat.
921 2615 994 2680 Non
1010 2614 1091 2680 enim
1107 2611 1207 2679 hercle
1222 2617 1311 2698 poeta

186 2714 312 2809 suadet,
338 2735 374 2794 ut
396 2729 498 2794 omnia
519 2735 690 2808 taceamus,
714 2729 766 2794 sed
790 2730 867 2795 maia
891 2735 1026 2808 tantum3
1052 2750 1197 2814 quorsum
1216 2726 1308 2814 perti·

188 2852 243 2910 net
265 2869 308 2909 vs.
333 2845 452 2910 tertius.
488 2843 589 2924 Quare
613 2844 693 2909 hand
716 2845 818 2930 paullo
842 2844 950 2910 melius
973 2851 1062 2931 poeta
1083 2849 1214 2908 mentem
1229 2863 1308 2906 asse-

187 2965 277 3024 cutus
307 2958 380 3024 rnihi
412 2959 534 3024 videtur
564 2958 715 3046 Hartung*
741 2958 908 3025 rescribens
928 2955 960 3048 ’ἤ
989 2966 1189 3048 κρύφιον,
1224 2956 1306 3044 quod

186 3080 288 3138 tamen
312 3095 366 3160 pro
398 3079 545 3160 κρυφθὲν
577 3073 625 3136 vel
655 3075 876 3160 κεκρυμμένον
908 3073 1021 3159 opponi
1050 3072 1185 3158 potuisse
1214 3072 1310 3159 parti-

187 3188 267 3273 cipio
284 3259 287 3262 ,
302 3191 435 3269 ἐξελθὸν
472 3187 624 3254 difficilius
657 3187 751 3252 inerit
781 3188 818 3251 ad
849 3188 1141 3255 demonstrandum„
1168 3189 1235 3273 Ego
1265 3188 1310 3252 nil

186 3303 317 3389 amplius
339 3303 538 3388 requirerem,
563 3302 589 3366 si
613 3304 784 3387 legeretur:

367 3419 482 3486 ἐσθλὸν
508 3419 536 3485 ὸ’
561 3419 695 3498 ἐξελθὸν
721 3420 819 3488 λώιον
843 3427 863 3505 ἢ
886 3420 1103 3488 ’ποτεθέν

234 3533 367 3599 Verbum
390 3535 589 3602 οἱποτιθέναι
613 3557 634 3600 s.
659 3537 892 3632 οἰποτξθεσθαι,
921 3533 1014 3617 (qnod
1037 3531 1129 3596 habes
1145 3553 1189 3596 vs.
1216 3531 1308 3617 517),

189 3650 271 3716 unde
293 3655 463 3738 α’ποθηιή,
486 3648 608 3714 Graecia
631 3655 694 3728 est,
719 3648 801 3736 quod
817 3648 936 3713 Latinis
951 3649 1095 3738 condere,
1119 3646 1223 3732 itaque
1240 3645 1311 3711 hnic

188 3765 256 3829 loco
289 3763 433 3850 opprimis
464 3763 613 3830 convenit.
651 3762 729 3844 „Sed
753 3743 819 3829 rem
841 3762 970 3844 bonam,
994 3762 1055 3839 ait,
1080 3761 1189 3827 melios
1214 3761 1311 3826 divul-

191 3877 298 3964 „gabis
328 3900 418 3963 quam
449 3885 570 3964 pectore
602 3879 754 3944 conditam
788 3879 969 3946 retinebis.”
1008 3879 1111 3944 Possis
1141 3899 1261 3963 qnoque
1291 3887 1312 3964 ἤ

189 3997 405 4082 ’ποκρνβέν,
431 3992 483 4058 sed
507 3993 583 4058 illud
606 3994 783 4080 praeplacet.
809 3994 858 4060 nd
884 3997 1019 4076 ἐξελθὸν
1044 3993 1082 4061 ci.
1105 4016 1149 4057 vs.
1168 3995 1250 4070 610,
1273 3992 1312 4056 ad

189 4107 310 4175 dicendi
334 4110 482 4176 rationem
506 4110 599 4175 Hom.
624 4109 682 4178 Od.
707 4113 725 4190 ξ
749 4112 832 4174 λὸὸι

256 4229 310 4292 κοιλ
331 4254 362 4293 τι
387 4229 464 4305 ἔπος
487 4227 644 4313 προέηκεν
668 4230 747 4313 ὅπερ
771 4224 802 4294 τ’
824 4233 1015 4313 ἄρρητον
1038 4231 1232 4310 ἄμεινον.

233 4340 286 4404 Vs.
310 4341 383 4404 494.
417 4339 564 4424 ἀλλήλων
590 4340 693 4426 ἕριὸος
719 4340 1142 4425 ὸὴν-ὸπεροκὸμενοι.

235 4451 312 4518 Οοὸ.
336 4451 522 4517 Mutinensis
544 4449 667 4516 exhibet
691 4453 764 4536 ὸῆιο
779 4500 787 4531 ,
805 4451 831 4514 si
846 4450 922 4516 fides
940 4451 1192 4531 Schneidewino‚
1210 4471 1315 4536 quam-

191 4587 280 4650 quam
305 4587 402 4650 neque
425 4586 482 4650 ego
506 4586 604 4649 neque
629 4566 748 4632 Beklrer
771 4567 865 4633 ullam
889 4568 1078 4634 enotavimus
1100 4569 1132 4632 in
1153 4567 1212 4634 hoc
1228 4588 1315 4630 voca-
1374 4561 1379 4570 ’

192 4679 265 4744 bulo
290 4680 538 4765 discrepantiam,
562 4680 588 4746 is
611 4691 714 4748 autem
738 4683 823 4748 ouius
846 4684 1038 4750 collationem
1062 4683 1231 4770 publicavit
1255 4702 1314 4747 van
