3270 5374
841 573 882 638 118

298 767 441 835 videntur
470 764 607 845 dolores,
639 737 749 850 ouibus
773 769 893 848 spretus
916 785 934 826 a
958 753 1052 846 puero
1075 783 1160 827 amor
1184 762 1328 828 miserum
1353 784 1423 828 ver·

300 884 413 949 silicem
431 881 611 948 macerabat.
638 880 720 945 Hinc
736 879 877 950 flebiliter
897 884 1054 964 precatur:
1076 880 1157 967 μηδέ
1174 907 1211 965 με
1229 885 1266 964 σὴ
1285 879 1423 965 φιλότης

299 1002 434 1084 δώματα
455 1003 662 1084 Περσεφόνης
683 998 811 1084 οἴχηται
829 999 1051 1080 προφέρουσα,
1071 1001 1102 1058 at
1121 994 1153 1059 iu
1166 995 1227 1061 fine
1246 993 1422 1059 tetrastichi

298 1112 435 1178 uerbisa
461 1133 507 1175 me
531 1108 670 1175 correctis
694 1109 840 1194 opponit:
866 1117 948 1195 ἤπια
974 1118 1165 1194 υωσάμευος.
1379 1089 1383 1096 ⁴

341 1226 395 1290 Vs.
417 1228 496 1290 1327
524 1223 696 1288 criticorum
724 1223 913 1308 diligentiam
930 1224 1087 1309 praeteriit
1107 1224 1319 1309 corrigendum
1335 1243 1421 1288 erse:
1448 1298 1451 1302 y

475 1335 500 1408 ὦ
529 1348 603 1418 παῖ,
629 1341 687 1417 Γἕως
711 1344 753 1406 ἂυ
777 1341 852 1426 ἔχῃς
876 1341 998 1426 λείηυ
1021 1342 1120 1423 χέυυυ
1145 1347 1211 1408 οιτὲ.

298 1454 351 1520 ubi
375 1453 462 1518 codd.
484 1452 600 1518 habent
624 1456 725 1522 λιίαυ.
772 1451 854 1516 Nam
879 1452 995 1518 Iasmos
1020 1475 1080 1518 non
1107 1453 1207 1518 miuus
1236 1459 1418 1538 personatus

300 1567 453 1653 Theognis
476 1573 609 1631 sectatur
633 1587 721 1650 quam
745 1565 896 1650 genuinus
920 1574 1020 1651 poeta.
1070 1566 1144 1632 Non
1167 1589 1337 1647 monerem,
1358 1567 1418 1632 nisi

297 1684 330 1748 in
353 1705 385 1747 re
408 1683 512 1748 critica
537 1681 614 1747 nihil
638 1703 762 1766 parvum
786 1688 840 1745 aut
863 1681 928 1746 leve
943 1681 1179 1748 existimandum
1196 1705 1259 1748 esse
1276 1683 1419 1750 haberem

299 1797 571 1885 persuasissimum.
1312 1781 1318 1793 ‘

341 1914 394 1979 Vs.
428 1914 511 1976 1331
544 1911 691 1976 lacunam
709 1909 741 1974 in
775 1910 858 1976 huno
883 1911 1006 1976 modum
1031 1912 1235 1998 expleverim:
1257 1915 1348 1981 αῖδέο
1374 1914 1420 1998 μ’,

298 2025 412 2106 ὦπαῒ,
433 2028 573 2113 (τήνδε)
591 2029 699 2102 διδούς
720 2031 833 2115 χάριυ,
850 2035 928 2106 aaa,
948 2050 1045 2114 nequo
1067 2027 1234 2113 perspicio,
1256 2050 1310 2094 our
1322 2027 1419 2114 Berg-

298 2144 350 2208 lrio
381 2143 469 2229 plura
499 2139 646 2206 excidisse
679 2140 854 2219 videantur,
885 2141 1004 2226 duoque
1038 2141 1169 2207 disticha
1204 2143 1354 2208 coaluisse
1387 2144 1422 2208 in

300 2281 405 2323 unum.
452 2256 512 2320 Vix
536 2265 638 2320 autem
663 2263 742 2321 recte
765 2255 810 2320 vir
834 2256 972 2342 egregius
995 2280 1037 2323 vs.
1066 2259 1149 2322 1333
1174 2281 1217 2344 sq.
1237 2259 1341 2323 statim
1357 2258 1420 2324 illis

298 2374 465 2440 subiunxit.
497 2372 628 2452 Melius,
652 2395 699 2436 me
723 2372 840 2453 iudice,
865 2395 928 2438 rem
947 2371 1211 2438 administraverat
1232 2371 1266 2438 in
1284 2371 1421 2440 editione

298 2489 440 2556 secunda.

271 2629 274 2635 ·
341 2605 472 2670 Tandem
495 2625 617 2689 gravem
641 2623 770 2666 errorem
795 2601 856 2666 leni
887 2624 977 2668 manu
1003 2601 1152 2686 corrigam
1176 2601 1337 2667 scribendo
1362 2623 1423 2666 uss.

299 2723 383 2787 1373
409 2742 453 2805 sq.
478 2719 511 2784 in
535 2718 616 2782 hune
640 2715 781 2782 modum:

284 2849 286 2854 '
386 2839 512 2922 οὐδαμά
533 2862 583 2900 πω
607 2834 798 2918 κατέμειυας
817 2837 895 2917 ἐμὴυ
920 2840 1024 2920 χάριυ,
1043 2815 1116 2899 ἀλλ’
1138 2835 1201 2899 ὑπὸ
1225 2838 1334 2900 πᾶσαυ

387 2958 451 3020 αἰεὶ
475 2952 720 3026 σπουδαίως
745 2951 853 3038 ἔρχεαι
877 2949 1046 3034 α’χχιλίηυ.

297 3067 384 3146 Sive,
409 3087 457 3130 res
480 3065 558 3129 enim
577 3064 682 3128 eodem
706 3062 804 3142 redit,
828 3064 1081 3141 σπουδάζωυ
1106 3060 1201 3124 mavis
1225 3080 1279 3144 pro
1298 3059 1422 3144 vulgato

297 3184 550 3268 σαουδαίηυ.
595 3177 756 3243 Praeterea
780 3199 848 3242 cum
872 3174 1004 3260 Bergkio
1027 3173 1147 3257 requiro
1170 3177 1283 3263 οἴχεαι.
1319 3259 1322 3270 .

831 3385 975 3393 ...Μ

342 3523 499 3610 Compulit
521 3545 568 3586 me
591 3542 746 3606 operarum
771 3519 917 3597 tarditas,
942 3523 977 3582 ut
998 3516 1245 3602 interpretationi
1268 3516 1422 3603 Theogni-

299 3640 345 3705 dis
371 3639 459 3705 unioe
481 3639 618 3704 intentus
641 3636 707 3700 eius
731 3657 808 3721 quae
833 3635 973 3698 feruntur
996 3633 1140 3719 reliquias
1165 3634 1256 3698 tertia
1279 3633 1342 3700 vioe
1358 3635 1420 3700 acri

297 3764 398 3822 mente
420 3777 561 3821 versarer.
586 3754 612 3818 E
635 3748 891 3818 commentariolis
916 3749 991 3813 meis
1017 3770 1171 3833 promam,
1197 3769 1272 3834 quae
1297 3755 1328 3811 et
1352 3748 1420 3814 aliis

297 3871 435 3958 prodesse
469 3869 598 3935 forsitan
633 3867 766 3953 possint,
795 3885 892 3950 neque
925 3864 1002 3930 hanc
1035 3862 1218 3930 dedecorent
1255 3863 1419 3949 scriptiun-

297 3986 404 4052 culam.
1049 4039 1069 4058 ,ι

342 4100 395 4165 Vs.
421 4102 481 4165 171
509 4098 560 4187 (ο1.
585 4119 655 4183 pag.
683 4100 749 4183 10).
773 4095 851 4162 (lum
873 4095 1013 4162 Beklrero
1033 4093 1154 4180 supple:
1180 4104 1307 4164 θεοῖσιν
1327 4093 1413 4182 (γὰρ)

298 4220 351 4284 ἕπι
382 4224 512 4300 κράτος,
545 4219 618 4297 apto
649 4235 684 4277 ae
711 4234 806 4297 paene
830 4210 997 4277 necessario
1021 4209 1186 4295 particulae
1210 4231 1276 4274 usu.
1324 4208 1416 4288 Quod

297 4353 315 4394 a
338 4329 469 4413 Bergkio
494 4326 612 4393 editum
636 4339 725 4408 θεοῖς
747 4331 838 4406 aare
864 4329 933 4396 ἔπι
958 4335 1087 4414 κράτος,
1112 4323 1260 4390 Graecum
1276 4345 1342 4390 esse
1359 4346 1413 4410 pro

297 4450 407 4523 ἕπιςιυ
432 4451 591 4530 propterea
615 4443 740 4522 dubito,
764 4443 846 4527 quod
869 4441 985 4508 nudum
1009 4442 1063 4509 ἔπι
1087 4461 1122 4504 co
1146 4461 1236 4504 sensu
1257 4438 1414 4504 aGruecis

298 4557 435 4623 adhiberi
458 4558 546 4630 solet.

343 4673 398 4740 Vs.
423 4675 495 4742 185.
531 4673 580 4740 Ad
602 4696 652 4756 ea,
677 4696 752 4760 quae
775 4672 813 4738 de
836 4672 867 4738 h.
891 4671 911 4738 l.
934 4668 1085 4755 disputavi
1108 4691 1177 4755 pag.
1205 4673 1243 4736 11
1269 4692 1328 4758 sq.,
1354 4691 1415 4735 non
