3270 5374
873 559 997 622 22*

331 771 388 814 vss.
415 746 634 813 1071-1074
658 747 719 814 iarn
744 746 851 814 habuit
872 756 941 815 ante
965 751 1068 816 oeulos
1092 755 1350 838 συμμίσγων,
1376 753 1458 838 quod

331 885 403 928 sane
425 874 527 948 potest
549 861 704 946 explicari.

376 976 429 1040 Vs.
455 977 518 1040 325
543 998 628 1061 sqq.:

419 1095 447 1158 εἴ
471 1119 519 1168 τις
543 1092 761 1178 ἁμοιρτοιλοῒσι
786 1094 889 1175 φίλων
915 1099 967 1162 ἐπὶ
992 1102 1094 1164 παντὶ
1120 1097 1262 1183 potato,

418 1212 454 1275 οὔ
479 1206 553 1274 ποτ’
579 1213 621 1274 ἂν
647 1207 798 1292 ἀλληλοις
824 1215 959 1294 ἄρθμιοι
984 1210 1058 1278 οὐδὲ
1084 1212 1173 1292 φίλοι

422 1321 504 1389 sien·
530 1322 718 1409 ἁμαρτωλοὶ
743 1327 804 1409 μὰρ
830 1327 863 1390 ἐν
887 1327 1118 1408 ἀνθρώποισιν
1142 1325 1281 1394 Γέποντοιι

420 1445 576 1521 θνητοῖς,
603 1440 721 1521 Κύρνε·
747 1442 842 1502 θεοὶ
867 1437 895 1504 δ’
918 1438 990 1503 οὐκ
1017 1439 1219 1506 ἐθέλουσι
1245 1441 1402 1526 φέρειν.

377 1550 472 1614 Recte
492 1548 524 1612 in
545 1547 671 1612 dubium
692 1555 831 1612 vocatum
847 1555 894 1614 est
911 1555 951 1618 ἐν
970 1571 1012 1615 vs.
1031 1551 1106 1632 327,
1128 1552 1210 1636 quod
1226 1551 1328 1638 Bergk
1346 1553 1378 1619 in
1396 1553 1461 1634 ἐπ’,

331 1663 493 1747 Emporias
528 1663 561 1727 in
585 1661 641 1749 ἅμ’
665 1663 856 1742 mutandum
875 1685 941 1728 esse
970 1666 1095 1730 semoti
1111 1667 1163 1731 sed
1191 1667 1264 1752 quid
1289 1668 1323 1732 in
1339 1669 1461 1734 ultimis

332 1801 409 1864 quae
425 1778 569 1863 adscripsi
589 1778 690 1842 verbis
705 1779 789 1862 (θεοὶ
802 1816 841 1826 -
853 1782 975 1868 φέρειν)
993 1787 1046 1844 aut
1065 1781 1168 1845 vitiosi
1185 1788 1238 1846 aut
1250 1783 1348 1868 inepti
1365 1783 1463 1864 insit,

335 1916 381 1958 me
405 1914 526 1977 prorsus
547 1915 607 1957 non
633 1892 735 1957 videre
758 1894 910 1959 confiteor.
948 1894 1143 1972 Rectissime,
1170 1896 1202 1962 ni
1230 1896 1329 1977 fallor,
1360 1898 1466 1964 locum

335 2008 396 2072 iam
428 2007 584 2092 expedivit
609 2005 760 2083 Weloker‚
783 2007 821 2071 ad
842 2008 928 2072 ouius
952 2008 1178 2074 adnotationem
1206 2011 1352 2076 lectorem
1380 2013 1466 2078 rele-

336 2129 422 2206 gasse
445 2121 585 2187 sufficiet.
624 2120 696 2186 Non
724 2122 820 2206 magis
836 2122 961 2207 probare
984 2145 1106 2208 possum
1125 2125 1248 2209 Bergkii
1274 2127 1460 2220 sententiam

227 2243 228 2250 ’
336 2245 494 2320 corruptos
516 2259 579 2302 esse
603 2259 661 2302 vas.
694 2239 755 2300 331
782 2259 827 2322 sq.
870 2251 875 2261 '

424 2355 591 2443 εἨσσχος,
617 2357 722 2442 ὥσπερ
748 2356 830 2435 ἐγὼ,
856 2354 973 2440 μέσσην
998 2357 1074 2423 ὁδὸν
1099 2359 1188 2445 ἔρχεο
1212 2361 1327 2425 ποσσίν
1387 2415 1391 2421 ,

424 2469 500 2558 μηδ’
524 2473 659 2556 ἑτέροισι
685 2469 811 2546 διδούς,
838 2477 959 2553 Κύρνε,
987 2476 1027 2536 aot
1051 2476 1116 2539 τῶν
1142 2473 1276 2559 ἑτέρων,

337 2594 368 2651 et
393 2584 583 2650 scribendum
607 2583 681 2672 μηδ’
706 2585 835 2670 ἑτέροισι
861 2586 949 2661 δίον,
976 2584 1031 2648 hae
1058 2585 1161 2650 addita
1185 2586 1462 2673 interpretatione:

337 2724 410 2768 neae
429 2704 618 2765 ύοσσνονσιιιιο
634 2720 707 2764 aava
722 2699 922 2762 sinistrorsum
938 2698 1068 2762 atinam
1082 2701 1203 2787 oestipia
1218 2722 1349 2788 sequere.
1379 2701 1463 2766 Nam

335 2822 402 2880 tum
423 2814 510 2879 valde
529 2835 632 2886 vereor
657 2819 691 2877 ut
715 2813 787 2877 haee
816 2811 930 2876 Graece
956 2811 1038 2876 diota
1065 2813 1145 2892 sint,
1174 2820 1241 2878 tum
1264 2814 1341 2880 nihil
1365 2821 1413 2879 est
1429 2815 1463 2881 in

336 2930 472 2996 codicum
502 2929 631 2994 lectione
658 2927 739 3012 quod
760 2928 826 2992 iure
848 2926 1058 3013 reprehendas.
1094 2927 1214 3014 Nempe
1238 2952 1280 2994 vs.
1294 2931 1463 3016 posteriore

336 3067 459 3133 prorsus
481 3044 562 3108 idem
577 3043 713 3128 nepetino
729 3042 852 3122 dieitur,
875 3042 956 3127 quod
973 3042 1101 3128 positiva
1116 3043 1232 3110 dietum
1252 3053 1299 3110 est
1314 3069 1360 3112 vs.
1379 3049 1463 3116 544:

603 3156 672 3226 ἶσον
696 3159 904 3245 ἀμφοτέροισι
929 3160 1034 3243 δόμεν.

318 3296 329 3317 ·
384 3273 458 3356 „Ad
490 3296 590 3338 meam
623 3274 826 3360 νοιιιιιμίιινι,”
856 3272 937 3352 nait,
964 3273 1097 3337 mediam
1127 3276 1308 3363 tranquillata
1338 3300 1466 3367 sequere

336 3393 430 3471 aiam,
447 3414 534 3454 σιιιιιιι
557 3390 688 3454 tribueras
710 3389 851 3476 atriaque,
877 3389 1047 3476 neutrisque
1064 3390 1206 3476 partibas
1221 3392 1366 3480 faveras.’'
1388 3393 1465 3461 Per-

336 3507 436 3571 tinent
460 3507 532 3571 haee
559 3504 597 3569 ad
624 3504 750 3570 eandem
774 3526 856 3605 rern',=
883 3511 1089 3611 Qpoeta
1113 3507 1211 3572 suasit
1233 3531 1275 3575 vs.
1307 3513 1369 3576 219
1394 3533 1461 3596 sq.:

468 3622 569 3708 μηδὲν
594 3628 682 3704 ἄησιν
706 3615 847 3710 (toxotis
871 3610 1116 3710 ταρασσομένων
1139 3627 1339 3714 πολιητέων,

470 3743 594 3823 Κύρνε,
620 3737 720 3820 μέσην
745 3737 775 3801 δ’
801 3737 892 3822 έρχειι
916 3744 975 3820 τὴν
999 3739 1095 3816 ὁδόν,
1123 3741 1227 3822 ὥσπερ
1251 3746 1324 3823 ἐγώ.

383 3852 434 3917 Vs.
460 3853 521 3915 347
548 3871 606 3934 sq.:

473 3969 534 4051 ἐγὼ
559 3967 593 4033 δέ
619 3974 702 4034 ιιύοιν
728 3967 865 4053 ἐπέρησα
890 3968 1070 4052 χαράδρην,

473 4090 629 4171 χειμάρρῳ
653 4088 787 4166 ποτάμῳ
810 4077 907 4147 πάντ’
931 4082 954 4145 α’
963 4089 1139 4148 ποσεισά
1148 4110 1287 4168 μενος.

384 4197 491 4281 imago
517 4217 577 4260 non
601 4195 676 4260 satis
702 4193 847 4272 dilucida,
863 4216 920 4258 neo
937 4193 1094 4280 quiequam
1111 4196 1234 4282 prodest
1250 4197 1356 4262 citasse
1381 4209 1457 4272 Ana·

340 4311 470 4379 creontis
488 4312 691 4394 fragmentum
707 4309 786 4395 apud
810 4309 1068 4394 Hephaestionem
1086 4313 1143 4376 68:
1163 4314 1291 4400 μεγάλῳ
1316 4309 1408 4398 ipris}
1424 4323 1456 4406 μ’

338 4431 445 4515 ’Ἕριος
462 4431 583 4513 έιιοψιν
604 4431 683 4494 ὥστε
703 4429 837 4515 χαλκεύς
854 4427 991 4504 πελέκει,
1017 4430 1174 4516 χειμέρι’
1183 4455 1202 4513 η
1226 4427 1255 4493 δ’
1279 4429 1378 4494 ἕλον
1390 4453 1452 4505 σιμ

339 4547 380 4611 ἐν
410 4544 610 4631 χαράδρη.
644 4540 757 4620 Poeta,
781 4539 833 4625 qui
861 4539 962 4634 omnia
989 4563 1042 4605 sua
1066 4541 1223 4620 amiserat,
1247 4565 1311 4607 sese
1339 4562 1453 4636 eompa-

337 4661 386 4720 rat
414 4677 481 4720 oum
506 4677 595 4735 eane,
620 4655 672 4740 qui
703 4654 903 4742 pernataverit
934 4661 1118 4737 torrentem,
1143 4657 1277 4723 fluminis
1302 4654 1332 4721 vi
1356 4663 1450 4730 omnia
