3270 5374
755 565 797 631 59

202 755 288 822 'male
321 755 457 822 conferas
490 753 644 820 Plutarchi
675 754 775 820 locum
808 778 824 820 e
855 754 934 822 libro
958 761 1047 843 dato·
1069 758 1232 840 εὐγενείας
1255 755 1336 842 apud

213 871 373 936 Stobaeum
396 872 429 936 in
453 870 615 956 Florilegio
638 871 859 951 LXXXVIII,
887 875 945 937 12:
975 880 1093 952 ἄπιςος
1115 883 1135 958 ἡ
1159 881 1225 944 τῶν
1250 901 1337 959 σοφι-

214 992 276 1066 ςῶν
300 991 503 1070 συκοφαντία
528 992 611 1054 κατὰ
636 997 691 1071 τῆς
716 990 900 1072 εὐγενείας,
930 995 957 1055 εἰ
980 991 1060 1075 μηδὲ
1084 993 1145 1057 τοῖν
1169 991 1255 1076 με’σῳ
1281 997 1336 1057 καί

214 1109 290 1166 πᾶσι
326 1106 474 1187 γνώριμοι
510 1097 697 1181 σκοποῦσιν,
730 1107 796 1170 ὅτι
829 1107 931 1188 πρὸς
964 1109 1033 1182 τὰς
1065 1105 1211 1192 ὀχείας
1241 1109 1337 1181 τούς

216 1219 388 1296 εὐγενεῖς
412 1221 556 1293 ίπποος
580 1221 644 1283 καί
669 1226 787 1296 κείνας
812 1223 1009 1286 ὠνοῦνται
1031 1223 1094 1284 καί
1112 1223 1358 1306 ιιιχριῖινσαι.Ι

258 1329 313 1394 Vs.
339 1331 411 1394 299.
436 1328 541 1394 Codex
565 1329 752 1396 Mutinensis
777 1337 861 1396 tanta
877 1353 947 1416 prae
964 1332 1072 1396 ceteris
1088 1333 1231 1398 omnibus
1248 1332 1336 1398 libris

213 1444 417 1530 Theognideis
438 1451 485 1509 est
508 1444 704 1526 excellentia,
729 1453 764 1511 ut
786 1446 876 1511 fidem
900 1468 963 1511 non
989 1445 1113 1514 habeam
1136 1448 1242 1534 Meyo,
1266 1471 1336 1534 pag.

213 1562 254 1625 le
279 1583 324 1646 sq.
349 1583 416 1626 oum
440 1559 642 1627 deterioribus
664 1560 794 1647 legenti:
819 1560 904 1632 οὐδ’
920 1564 1065 1630 ἐθέλει
1090 1571 1166 1642 art„
1194 1562 1246 1628 sed
1262 1564 1337 1628 mibi

212 1676 407 1762 persuadeam
430 1675 519 1740 unice
551 1675 725 1760 audiendos
745 1699 827 1758 esse,
860 1677 912 1764 qui
937 1699 994 1762 ope
1019 1678 1207 1744 Mutinensis
1230 1688 1337 1766 poetae

211 1811 333 1856 manum
357 1788 519 1854 restituere
544 1795 700 1868 conentur,
726 1789 788 1854 sive
809 1789 989 1866 Hermanno
1005 1792 1249 1878 obtemperemus
1264 1796 1338 1861 scri·

209 1903 311 1971 beuti:
335 1906 439 1982 οὐδεὶς
456 1907 494 1990 δὴ
513 1905 606 1988 φίλος
627 1909 744 1975 ἐστίν
765 1913 846 1984 ντί,
864 1906 928 1972 sive
945 1907 1190 1992 peringeniosam
1209 1911 1336 1996 Berglrii

210 2020 426 2105 amplectamur
450 2022 613 2084 rationem:
639 2022 743 2098 οὐδεὶς
768 2022 812 2109 λῇ
835 2027 927 2108 φίλος
947 2022 1047 2102 εἶναι,
1070 2032 1106 2088 ut
1133 2028 1280 2100 tda'taa
1304 2027 1338 2092 in

211 2135 336 2220 reliquis
366 2135 452 2201 libris
483 2135 523 2200 sit
555 2136 717 2223 ignotioris
747 2137 831 2234 verbi
861 2138 963 2203 Dorici
988 2139 1149 2225 glossema.
1197 2141 1337 2207 Doriensi

211 2259 312 2316 autem
335 2257 460 2337 poetae,
484 2251 556 2316 licet
580 2251 612 2317 in
636 2251 742 2339 elegiis
766 2275 834 2317 cum
859 2253 1007 2337 Tyrtaeo,
1032 2254 1160 2335 Solone,
1185 2257 1251 2322 aliis
1268 2255 1338 2342 poe·

212 2367 271 2432 tioo
295 2365 407 2432 Ionum
431 2389 569 2432 sermone
586 2390 658 2432 usus
674 2368 733 2448 sit,
759 2369 852 2433 semel
869 2369 1020 2435 excidisse
1038 2370 1160 2436 verbum
1178 2372 1337 2451 Doricum,

212 2481 291 2568 quod
324 2481 485 2568 aliquando
517 2483 612 2548 fuisse
643 2481 784 2548 omuibus
817 2483 941 2548 Graecis
972 2507 1130 2552 commone
1162 2495 1290 2573 apparet
1322 2511 1338 2552 e

212 2598 346 2663 derivato
382 2599 480 2685 λῆμα,
516 2621 577 2664 non
612 2605 660 2663 est
691 2598 772 2684 quod
800 2622 982 2686 magnopere
1010 2601 1165 2668 miremur.
1217 2603 1339 2669 Nihilo·

211 2715 311 2777 minus
338 2711 408 2777 vide
431 2735 510 2798 quae
541 2711 646 2799 scripsi
669 2713 794 2779 innota
827 2685 999 2780 ad'calcem
1027 2740 1094 2802 pag.
1123 2717 1175 2794 17,
1204 2718 1274 2797 ubi,
1300 2743 1338 2784 ne

210 2828 277 2915 quis
310 2829 388 2894 male
425 2828 477 2894 illa
501 2829 591 2894 verba
622 2830 864 2916 interpretetur,
888 2832 991 2917 quales
1016 2830 1105 2896 modo
1131 2829 1195 2896 dixi
1228 2839 1342 2916 poetae·
1387 2923 1390 2927 .

211 2942 336 3028 elegiaci
362 2941 565 3028 intellegendi
597 2941 679 3009 sunt.
726 2945 765 3010 In
798 2968 840 3012 vs.
865 2946 1004 3031 sequenti
1031 2951 1133 3010 utrum
1157 2939 1194 3034 pi
1215 2944 1246 3014 κ’
1270 2968 1337 3011 cum

211 3055 343 3141 Bergkio
374 3079 412 3122 an
435 3063 469 3136 ὃς
502 3058 530 3125 κ’
556 3080 624 3123 curu
648 3058 737 3146 Meyo
767 3059 890 3145 legatur
913 3061 951 3126 ad
980 3083 1103 3127 sensum
1126 3061 1252 3146 perinde
1276 3068 1337 3140 est,

130 3245 133 3256 Ι
212 3193 310 3257 neque
343 3172 381 3236 ad
417 3173 508 3238 fidem
544 3173 718 3238 traditionis
755 3174 884 3241 multum
922 3175 1040 3256 differt,
1076 3177 1151 3242 licet
1181 3175 1259 3242 illud
1298 3177 1338 3242 sit

212 3285 305 3352 etiam
328 3287 439 3353 lenius.

255 3401 308 3468 Va.
332 3403 407 3470 att.
453 3402 629 3488 Disputatio
654 3403 691 3468 de
716 3404 745 3469 lr.
771 3404 790 3471 l.
820 3427 891 3489 pag.
919 3409 960 3470 22
987 3427 1033 3490 sq.
1054 3403 1279 3471 dubitationem
1301 3406 1339 3472 de

213 3517 341 3582 traditae
372 3517 541 3604 scripturae
572 3518 704 3583 sanitate
731 3519 866 3583 nondum
892 3519 983 3599 mihi,
1017 3542 1074 3592 nec
1106 3519 1235 3585 fortasse
1260 3521 1336 3600 tibi,

211 3632 253 3696 mi
275 3633 381 3712 lector,
406 3633 531 3719 eripuit.
565 3634 665 3714 Quin,
693 3657 751 3700 una
775 3627 893 3701 mutata
917 3635 1054 3715 literula,
1078 3635 1250 3722 Theognidi
1273 3637 1338 3701 red·

211 3747 325 3814 dimus:
350 3752 412 3833 ἐγὼ
427 3741 463 3819 δὲ
487 3727 597 3820 ὁίοῶν
623 3753 769 3838 ἐπέρησα
791 3754 1022 3840 χαράδρην.
1047 3750 1092 3818 Of.
1108 3751 1220 3817 Aesch.
1237 3751 1338 3816 Prom.

213 3864 285 3928 748.
333 3862 451 3943 Rarior,
482 3862 662 3949 praesertim
690 3865 748 3942 hoo
775 3887 865 3944 casu,
898 3888 957 3930 vox
980 3853 1050 3932 uon*
1065 3866 1226 3932 intellecta
1249 3867 1340 3932 facile

211 3986 264 4044 aut
285 3977 364 4044 forte
387 3985 440 4043 aut
464 3979 501 4044 de
525 3978 677 4044 industria
700 3981 732 4044 in
756 3980 949 4046 notissimam
971 3982 1086 4047 mutari
1112 3987 1242 4066 poterat.
1266 3981 1339 4045 Non

213 4093 470 4179 aequeexpedita
493 4101 539 4158 est
566 4096 756 4182 corruptelae
781 4095 879 4176 ratio,
905 4096 931 4160 si
956 4119 1023 4160 cum
1040 4096 1216 4183 Hartungio
1232 4096 1339 4161 eodem

214 4230 302 4273 sensu
326 4215 465 4278 κακῶν
489 4232 542 4295 pro
567 4216 650 4280 κείων
672 4209 868 4295 suspicamur.
970 4215 974 4227 '
1153 4189 1160 4201 ”

257 4320 310 4389 Vs.
336 4322 397 4388 377
421 4343 480 4408 sq.:

301 4444 368 4516 πῶς
392 4440 430 4523 δή
453 4465 522 4518 σεο,
539 4443 702 4529 Κρονίδη,
729 4443 830 4530 τολμᾷ
857 4449 930 4522 νόος
952 4444 1076 4529 ἄνδρας
1093 4441 1242 4530 οίλιτροιίς

302 4557 344 4624 ἐν
373 4557 502 4642 ταύτῇ
527 4560 653 4644 μοίρῃ
679 4567 736 4627 τόν
762 4585 795 4625 τε
822 4559 951 4628 δίκαιον
976 4561 1101 4646 ἔχειν.

259 4666 374 4733 Suadet
404 4669 480 4734 ratio
513 4668 716 4750 Graecitatis,
748 4680 783 4738 ut
807 4672 873 4748 hio,
898 4672 980 4759 quod
1004 4673 1181 4762 saepissime
1204 4675 1334 4756 accidit,
