3270 5374
894 525 913 586 θ

349 731 414 773 mee
443 708 554 774 maiore
583 708 695 793 Oedipi
724 708 834 795 Regis,
868 731 944 794 quae
971 707 1101 774 Traiecti
1124 707 1161 774 ad
1185 707 1327 772 Rhenum
1349 701 1464 789 proiliit

348 824 428 910 apud
451 825 571 903 Roscia,
595 825 778 910 significavi,
804 824 1011 909 Theognidem
1035 823 1110 913 milri
1133 821 1229 888 videri
1252 809 1425 906 scrip‘sisse:

524 941 592 1008 οὐδ’
618 947 725 1026 ἷκετὴν
746 944 908 1011 ἀλιτὼν
932 946 1121 1018 ἀθανάτους
1144 942 1277 1008 ἔλαθεν.

391 1054 560 1119 Notissima
583 1062 630 1119 est
650 1056 732 1140 epica
755 1055 848 1122 dictio
871 1058 996 1124 ἀλιτεῖν
1020 1062 1050 1120 et
1075 1057 1249 1122 ἀλιτέσθαι
1275 1059 1381 1131 trodo,
1411 1048 1463 1114 sed

280 1221 286 1226 -
346 1193 408 1236 uon
437 1177 555 1236 tautum
581 1193 648 1236 cum
670 1171 728 1236 hoc
744 1169 862 1242 obiecto
878 1170 1018 1255 componi
1035 1168 1158 1234 verbum
1174 1170 1357 1236 ἀλιταίνειν
1374 1187 1464 1250 appa·

346 1292 393 1350 ret
415 1308 450 1352 ex
471 1287 538 1351 loco
554 1285 661 1351 Iliadis
674 1285 737 1363 IX,
757 1285 838 1350 375:
864 1292 898 1354 ἐκ
924 1293 983 1372 γὰρ
1005 1288 1042 1369 δή
1066 1283 1100 1370 μ’
1116 1289 1284 1369 ἀπάτησε
1305 1288 1360 1350 καὶ
1383 1282 1466 1367 affla-

346 1430 386 1469 τε
398 1432 427 1472 ν.
449 1401 477 1466 Ε
500 1401 622 1486 regione
640 1400 812 1486 oppositum
828 1406 874 1464 est
892 1406 999 1485 ἱκετὴν
1016 1400 1195 1468 αἰδεῖσθαι.
1216 1436 1256 1444 -
1273 1397 1311 1461 In
1328 1395 1464 1481 proxime

346 1516 527 1602 praegressis
553 1539 596 1580 vs.
622 1517 683 1582 138
710 1515 811 1578 nescio
834 1537 873 1578 an
896 1514 1008 1578 iniuria
1030 1537 1086 1578 vau
1111 1513 1165 1576 der
1187 1512 1258 1596 Mey
1273 1509 1465 1576 scribendum

347 1630 529 1696 contendat:
555 1638 625 1698 καὶ
650 1633 807 1700 δονέων
833 1640 945 1714 θήσειν
971 1651 1024 1714 pro
1045 1633 1100 1696 καί
1117 1656 1149 1694 τε
1168 1630 1284 1694 δοκῶν.
1315 1625 1364 1690 Ab
1379 1625 1467 1709 epioe

327 1745 426 1822 ,cuim
457 1744 610 1810 scribendi
638 1744 858 1810 consuetudine
886 1744 941 1810 hac
963 1764 1082 1829 qnoque
1104 1742 1137 1806 in
1161 1764 1192 1806 re
1216 1763 1277 1806 non
1302 1739 1466 1805 descivisse

347 1866 446 1924 vatem
463 1860 671 1944 Megarensem
696 1859 793 1924 discas
816 1882 854 1925 ex
871 1881 914 1925 vs.
934 1860 997 1922 662
1017 1864 1071 1926 καί
1088 1886 1122 1926 τε
1139 1863 1288 1947 πενιχρός
1303 1859 1384 1942 ἀνὴρ
1401 1862 1468 1922 κτέ.

348 1972 393 2040 Of.
416 1976 480 2038 359
502 1981 532 2038 et
552 1975 626 2053 597,
647 1974 757 2059 quibus
777 1981 879 2039 tamen
896 1974 971 2038 locis
988 1981 1125 2059 suspecta
1142 1972 1291 2057 scriptura
1307 1976 1372 2034 est:
1400 1969 1469 2032 vide

347 2086 472 2172 Bergkii
495 2086 600 2153 adnot.
624 2088 655 2152 in
677 2088 723 2153 ed.
743 2088 850 2154 IIItia.
878 2088 950 2154 Nou
972 2089 1067 2174 magis
1084 2086 1239 2174 probanda
1255 2086 1331 2150 mihi
1348 2085 1469 2149 videtur

348 2201 482 2267 eiusdem
506 2202 561 2267 viri
588 2202 668 2267 docti
691 2203 823 2288 suspicio
849 2205 891 2290 (p.
920 2205 961 2268 48
986 2207 1043 2290 sq.)
1067 2226 1126 2269 sss.
1152 2205 1214 2271 lll
1240 2222 1321 2285 sqq.:

438 2323 469 2384 οἱ
491 2319 520 2386 δ’
536 2323 659 2401 ἀγαθοὶ
683 2326 719 2389 τὸ
740 2322 892 2405 μέγιστον
918 2325 1146 2408 ἐπανρίσκονσι
1169 2324 1389 2394 παθόντες

438 2445 547 2519 μνῆμα
573 2436 602 2501 δ’
621 2432 725 2522 ἐ’χονσ’
750 2439 888 2517 ἀγαθῶν
914 2440 969 2501 καὶ
994 2444 1086 2522 χάριν
1111 2437 1258 2514 ἐξοπίσω.
1455 2413 1458 2416 ¹

349 2569 436 2610 sanos
456 2545 536 2625 fore,
559 2547 584 2612 si
603 2547 754 2641 scripseris
776 2556 997 2632 παρόντων,·
1022 2549 1069 2612 cui
1090 2547 1278 2612 coniecturae
1295 2545 1371 2612 hanc
1386 2544 1470 2609 addi-

350 2660 395 2724 dit
416 2659 719 2745 interpretationem:
753 2660 852 2741 „Boni
875 2682 945 2725 vero
972 2668 1040 2726 tum
1062 2662 1094 2724 in
1111 2661 1290 2746 praecentio
1312 2659 1470 2724 beneficiis

352 2776 503 2857 „maxime
518 2776 675 2856 fruuntur,
695 2783 761 2842 tum
769 2788 881 2862 ponec
893 2775 1026 2842 debitam
1039 2777 1166 2862 gratiam
1179 2772 1343 2840 referunt.'’
1358 2773 1470 2837 Graece

349 2897 471 2970 tamen,
506 2892 539 2956 ni
573 2892 673 2969 fallor,
704 2892 747 2956 sic
776 2892 867 2957 scribi
889 2894 951 2956 παπ
972 2904 1051 2958 recte
1074 2898 1174 2977 potest
1197 2889 1257 2955 nisi
1280 2890 1338 2953 hoe
1361 2911 1468 2954 sensu:

348 3005 433 3070 Boni
461 3027 550 3084 cero,
581 3010 662 3094 qnod
691 3007 857 3070 munimem
885 3019 943 3084 est,
974 3007 1059 3090 (uam
1083 3008 1140 3072 hoc
1162 3014 1210 3070 est
1232 3012 1268 3074 τό
1291 3008 1468 3091 μέγιστον;

349 3121 446 3185 altero
477 3143 569 3186 seusu
601 3121 747 3188 articulus
778 3122 883 3188 fuerat.
900 3123 1107 3188 omittendus:
1133 3122 1245 3186 dicitur
1267 3121 1348 3186 enim
1370 3123 1467 3205 μέγα,

351 3239 476 3319 μεῖζον,
500 3237 653 3320 μέγιστον
678 3239 856 3306 ἀπολαύειν
884 3239 977 3321 cett),
986 3235 1467 3322 franntcrrcbneproeacnta'lrna.

349 3348 391 3412 ut
420 3347 534 3414 frustra
564 3350 594 3414 hi
628 3372 687 3416 sss.
719 3352 920 3436 corriguntur,
952 3351 1063 3436 qnippe
1097 3350 1259 3415 manifesto
1291 3345 1467 3434 interpolati

299 3445 301 3455 ¹
349 3462 387 3526 ab
411 3463 535 3528 homine
559 3466 679 3550 antiqui
702 3465 811 3531 Graeci
835 3465 981 3531 sermonis
1007 3465 1135 3550 turpiter
1158 3465 1275 3550 ignaro.
1301 3465 1368 3531 Illis
1388 3464 1468 3528 enim

350 3601 410 3643 non
441 3579 555 3658 solum,
589 3580 671 3665 quod
702 3582 763 3645 iam
794 3581 964 3647 observarit
993 3581 1108 3665 Bergk,
1142 3580 1280 3645 inaudita
1306 3587 1353 3644 est
1373 3580 1470 3643 forma

249 3723 259 3736 ·
349 3695 445 3759 activa
470 3701 689 3782 ἐπανρίσκειν,
715 3696 897 3776 sedetiam,
920 3696 1002 3782 quod
1027 3697 1073 3760 vel
1089 3697 1174 3781 peius
1191 3703 1252 3774 est,
1270 3697 1358 3760 metri
1374 3717 1469 3780 angn-

350 3810 427 3892 stiap
450 3810 614 3876 versifieem
640 3818 819 3900 coegerunt,
846 3819 880 3876 ut
905 3821 1009 3877 contra
1032 3812 1169 3877 omnium
1192 3833 1279 3875 nsum
1304 3818 1334 3876 et
1356 3817 1470 3876 certam

350 3919 489 3991 vocabuli
520 3925 581 3992 vim
613 3937 751 4012 μνῆμα
784 3928 813 3995 δ’
839 3932 946 4016 ἔχουσι
980 3927 1093 3992 diceret
1124 3949 1178 4012 pro
1210 3939 1376 4013 μνήμην
1408 3926 1470 3990 aive

349 4051 498 4125 μνεῐαν
532 4041 560 4108 δ’
579 4045 699 4129 ἔχουσι.
749 4042 821 4107 Non
853 4049 955 4108 autom
980 4042 1104 4121 dubito,
1134 4043 1208 4128 quin
1231 4042 1274 4121 is,
1298 4041 1350 4127 qui
1376 4040 1470 4105 bono-

350 4176 416 4219 rum
447 4153 633 4218 mentionem
668 4177 756 4241 aegre
788 4155 960 4222 desiderans
991 4157 1045 4222 hos
1074 4156 1235 4222 versiculos
1258 4155 1345 4221 iratis
1369 4155 1469 4220 Musis

351 4269 538 4352 composuit,
568 4278 734 4350 παθόντες
766 4254 937 4337 adhibuerit
969 4294 1023 4357 pro
1048 4259 1082 4340 ni
1105 4281 1290 4351 παθόντες,
1317 4279 1352 4336 nt
1375 4271 1470 4357 signi-

350 4384 469 4448 ficaret:
496 4385 588 4449 bonos
611 4397 640 4451 et
662 4388 795 4452 mccirnc
810 4387 879 4474 frui
901 4361 1048 4480 beneflciis
1071 4399 1100 4451 et
1120 4398 1222 4472 pratos
1246 4407 1316 4450 cccc.

395 4497 485 4578 Erat,
509 4522 604 4585 quum
628 4524 664 4566 ex
688 4502 791 4566 eadem
817 4507 869 4565 aut
890 4501 981 4565 simili
1003 4501 1123 4566 officina
1140 4500 1288 4585 prodiisse
1304 4499 1470 4584 suspicarer

353 4634 412 4680 aaa.
442 4616 503 4682 117
529 4637 593 4703 sq.:
