3270 5374
753 586 793 648 13

216 773 269 838 der
291 774 361 859 Moy
386 797 415 859 p.
439 775 479 836 23
497 796 557 859 sq.,
581 796 654 838 num
667 775 800 859 genuina
818 775 860 840 sit
875 776 965 856 haec,
988 783 1023 839 ut
1039 775 1171 860 Bergkio
1186 775 1252 839 visa
1269 781 1331 852 est,

215 892 314 976 poesis
337 889 549 974 Theognidea‚
582 889 688 973 procul
709 896 810 953 tamen
835 889 934 969 abest,
965 897 1000 954 ut
1024 895 1101 956 hanc
1125 889 1254 973 elegiam
1278 894 1331 952 aut

215 1005 302 1070 valde
325 1005 476 1069 novitiam
498 1011 553 1068 aut
569 1003 798 1069 insulsissimam
816 1028 880 1070 esso
895 1005 1039 1070 iudicem.
1066 1005 1169 1084 „Quid
1186 1013 1232 1069 est
1247 1003 1330 1088 inep-

218 1129 303 1200 ptum
326 1129 358 1184 et
380 1120 551 1197 insulsum,
577 1119 622 1183 ait
647 1141 703 1184 van
727 1118 780 1183 der
803 1120 890 1206 Moy,
916 1121 943 1183 si
966 1121 1024 1185 hoc
1046 1141 1167 1184 carmen
1187 1117 1332 1212 nonest?

218 1233 434 1318 „Comparatur
457 1231 573 1319 Cyrnus
597 1255 667 1298 cum
683 1233 741 1298 avi.
764 1233 840 1297 Esto
866 1255 952 1297 sano:
978 1233 1031 1297 sed
1046 1232 1119 1318 quid
1135 1232 1226 1296 facias
1242 1239 1331 1316 poeta

219 1347 291 1433 „qui
313 1348 389 1412 serio
414 1348 495 1411 dieat
518 1369 603 1411 avem
626 1355 696 1433 post
719 1355 847 1412 mortem
872 1369 934 1411 non
958 1367 1033 1433 equo
1054 1369 1108 1432 per
1124 1346 1333 1410 continentem

219 1462 401 1542 „Graeciam
432 1469 464 1526 et
493 1463 606 1526 insulas
636 1463 859 1527 circumtectum
892 1460 984 1526 esse.’'
1032 1459 1119 1540 Quae
1152 1460 1226 1525 dura
1249 1459 1334 1523 crisis

216 1583 280 1655 est,
304 1583 353 1655 et,
380 1583 412 1639 ut
435 1575 516 1659 quod
540 1575 639 1640 sentio
664 1575 781 1652 dicam,
805 1596 927 1659 prorsus
951 1574 1112 1640 immerita.
1137 1576 1217 1639 Nam
1238 1596 1336 1660 neque

216 1713 302 1756 avem
333 1713 395 1756 esce
425 1689 558 1776 Cyrnum
589 1705 679 1776 poeta
714 1690 807 1770 dicit,
840 1690 892 1754 sed
918 1691 1002 1754 initio
1024 1690 1166 1753 carminis
1189 1712 1259 1754 cum
1281 1711 1336 1753 ave

216 1813 386 1891 comparat,
417 1807 608 1885 volitantem,
641 1813 677 1870 ut
706 1805 798 1869 Ennii
830 1805 930 1870 verbis
961 1814 1038 1882 utar,
1065 1829 1125 1892 per
1147 1829 1203 1870 ονσ
1223 1807 1334 1898 adram,

217 1923 347 1991 πολλῶν
372 1927 520 2007 κείμενον
545 1927 580 1988 ἐν
605 1931 758 2006 στόμασιν
783 1921 892 2006 (ΜΟ),
918 1929 964 1996 et,
991 1923 1105 1985 dudum
1127 1922 1186 1984 ista
1207 1921 1338 2006 imapiae

217 2038 343 2116 ονιιώεο,
367 2038 393 2122 1)
418 2059 480 2102 non
505 2044 576 2101 ante
601 2059 644 2100 vs.
670 2021 762 2114 24ι9,Ἰ
783 2036 812 2101 h.
834 2058 859 2101 e.
884 2034 1062 2099 duodecimo
1086 2035 1208 2100 demum
1232 2056 1337 2113 versu,

216 2158 386 2236 sequuntur
408 2152 478 2218 illa:
502 2155 560 2241 οὐχ
582 2158 692 2220 ἳππων
717 2159 868 2220 νώτοισιν
894 2157 1059 2235 ἐφήμενος.
1094 2149 1125 2214 Si
1149 2148 1223 2235 quid
1239 2149 1271 2212 in
1289 2148 1336 2212 his

216 2267 353 2332 versibus
384 2267 536 2331 insulsum
568 2274 634 2344 est,
669 2267 769 2350 potius
800 2266 858 2329 hoc
888 2275 951 2342 est,
986 2264 1066 2349 quod
1098 2263 1135 2327 de
1159 2262 1339 2350 equitatione

216 2383 343 2462 omnino
368 2405 465 2446 sermo
488 2389 535 2445 est
557 2403 612 2466 por
634 2381 751 2444 insulas
775 2379 865 2444 maris
888 2378 1020 2462 Aegaei:

351 2501 429 2566 καθ’
450 2495 595 2564 Ἐλλάδα
619 2506 679 2579 νῆν
704 2505 933 2581 στρωφώμενος
955 2493 1007 2579 ἠδ’
1030 2499 1095 2563 α’νὰ
1118 2503 1232 2576 νήσους

351 2617 527 2700 ἰχθυόεντα
551 2620 657 2698 πορών
683 2620 805 2678 πόντον
831 2610 882 2678 ἐπ’
907 2616 1093 2696 ἀτρύγετον,

350 2731 407 2813 οὐχ
431 2731 539 2792 ἵππων
565 2733 718 2793 νώτοισιν
743 2732 908 2810 ἐφήμενος.

259 2843 319 2918 At,
346 2837 418 2924 quia
440 2863 479 2904 ne
502 2839 625 2926 pessimi
640 2840 762 2925 quidem
784 2845 889 2924 poetae
905 2837 938 2901 in
965 2836 1050 2921 equis
1065 2835 1202 2900 homines
1218 2833 1339 2899 faciunt

215 2979 269 3043 per
292 2979 373 3020 mare
397 2957 556 3031 vehentes,
582 2963 701 3019 certum
724 2960 769 3017 est
793 2960 865 3029 aut,
887 2951 963 3036 quae
985 2950 1108 3035 Bergkii
1124 2949 1255 3034 suspicio
1272 2956 1334 3025 cat,

218 3080 289 3155 post
324 3092 366 3136 vs.
399 3072 459 3133 247
495 3069 648 3133 distichon
679 3066 887 3145 intercidisse,
923 3066 1010 3131 cuius
1043 3065 1219 3129 hexameter
1250 3063 1337 3126 exitu

219 3186 391 3249 simillimus
421 3185 513 3250 fuerit
542 3185 597 3248 fini
630 3206 674 3248 vs.
699 3185 773 3262 247,
808 3205 834 3247 v,
860 3204 885 3246 c.
910 3187 967 3250 οὐκ
998 3185 1077 3249 dact
1107 3183 1258 3265 νηυσίν
1291 3177 1338 3253 (in

215 3300 362 3364 Vaticano
393 3324 436 3365 vs.
463 3303 523 3364 247
557 3299 600 3362 sic
621 3299 819 3363 terminatur:
852 3301 969 3383 ἠδ’ἃν
994 3297 1164 3380 οἷνήση),
1199 3299 1252 3356 aut
1274 3291 1340 3376 ipsa

217 3415 306 3478 verba
328 3419 386 3501 οὐχ
411 3419 550 3482 ἵππων
575 3423 781 3483 νώτοισιν
807 3419 962 3499 ἐφημενος
986 3415 1124 3493 corrupta
1142 3430 1206 3472 esse
1222 3413 1253 3470 et
1268 3407 1341 3470 olim

215 3527 401 3592 continuisse
437 3527 637 3592 necessariam
673 3527 757 3590 illam
792 3526 829 3590 de
864 3524 994 3589 navibus
1030 3522 1224 3587 mentionem.
1272 3521 1342 3605 Ego

221 3642 338 3706 dudum
364 3641 535 3728 suspicatus
560 3665 643 3706 sum:

417 3761 475 3846 οὐχ
499 3765 644 3832 ἵπποις
665 3766 687 3842 ἤ
710 3764 862 3843 νηυσὶν
889 3761 1042 3840 ἐφήμενος
1066 3760 1151 3831 aad,

218 3871 330 3955 quibus
354 3879 417 3935 tam
441 3873 628 3936 maritimum
650 3892 741 3954 quam
765 3876 905 3934 terrestre
928 3871 988 3933 iter
1009 3867 1179 3932 indicatum
1205 3864 1256 3930 sit.

263 3991 406 4052 Attamen
430 3995 545 4074 νηυσὶν
571 3993 742 4070 ἐφήμενος,
763 3985 834 4050 licet
856 4009 911 4070 per
927 4006 1053 4069 zeugma
1070 3984 1115 4048 sic
1130 3981 1219 4047 scribi
1236 3990 1342 4064 potue-

220 4102 278 4180 rit,
301 4103 399 4186 placet
422 4103 620 4168 mediocriter.
667 4102 859 4186 Quapropter
882 4101 921 4166 do
946 4123 1051 4165 manus
1075 4097 1218 4181 Bergkio.

264 4214 459 4281 Confideuter
490 4218 586 4302 igitur
618 4216 786 4300 pronuntio
819 4238 882 4281 non
904 4239 970 4280 esse
994 4216 1070 4279 hanc
1093 4213 1219 4298 elegiam
1245 4209 1346 4274 insul·

256 4507 279 4565 l)
300 4507 326 4554 ld
344 4514 441 4570 apparet
459 4525 471 4554 e
491 4526 524 4558 vs.
543 4506 606 4555 239:

504 4601 604 4666 Θοίνῃς
623 4597 655 4648 δὲ
674 4605 722 4653 καλ
743 4603 901 4671 εἰλαπίνῃσι
920 4600 1057 4670 stapleton,

222 4695 283 4764 quod
302 4711 347 4744 non
366 4695 439 4754 cedit,
458 4699 549 4762 opinor,
567 4697 591 4743 in
611 4709 684 4744 avem.
