3270 5374
855 535 897 598 24

320 721 393 810 quid
420 721 570 786 sententia
593 721 777 806 requireret,
800 722 883 788 solus
896 715 1066 788 criticorum
1083 724 1238 810 perspexit
1255 725 1440 793 clarissimus

320 837 496 942 Lyricorum
521 836 635 917 editor,
662 837 694 902 in
718 837 803 903 cuius
819 844 919 903 tamen
938 838 1053 924 triplici
1073 839 1245 905 coniectura
1262 843 1438 930 (εὐπελίην,

321 956 503 1042 εὐπαθίην,
526 955 627 1043 μηδὲν
652 955 724 1039 λη’ν)
745 953 823 1020 nihil
847 960 892 1019 est
913 955 994 1041 quod
1015 956 1062 1020 vel
1080 956 1140 1041 ipsi
1159 956 1274 1021 auctori
1292 957 1364 1022 ratis
1379 958 1441 1044 pla·

242 1157 243 1167 ρ
322 1089 388 1134 cere
409 1067 515 1154 possit.
549 1067 629 1132 Mihi
648 1069 681 1132 in
704 1075 835 1134 mentem
861 1071 961 1136 venit:
1156 1065 1159 1072 ’

608 1186 656 1250 ‘H
664 1184 706 1252 δί
716 1213 737 1252 α
760 1192 861 1270 μοῦν
901 1205 1064 1270 επιφαινε·
1087 1194 1152 1254 ιιτὲ.

367 1295 589 1381 Dignissimnm
615 1303 662 1359 est
686 1297 766 1382 quod
786 1297 967 1378 conferatur,
988 1298 1143 1386 quodque,
1166 1307 1201 1365 ut
1221 1301 1293 1366 haec
1309 1300 1443 1366 scribens
1479 1277 1484 1286 ¹
1529 1327 1533 1334 ’

323 1412 549 1490 animadverto,
565 1412 626 1476 iam
643 1412 788 1477 collatum
804 1419 851 1476 est
867 1437 883 1478 a
898 1413 1075 1492 Welckem,
1097 1415 1222 1481 Pindari
1238 1417 1441 1501 fragmentum

324 1530 362 1593 18
389 1550 417 1611 p.
444 1527 505 1590 291
531 1525 585 1592 ed..
602 1525 655 1590 III
678 1526 748 1612 Lyr.
766 1525 833 1600 Gn,
861 1528 941 1592 unde
964 1549 998 1591 ea
1015 1536 1134 1595 tentum
1150 1528 1240 1596 verba
1255 1529 1441 1611 adscribam,

322 1664 397 1729 quae
422 1641 610 1706 coniecturae
638 1663 720 1705 meae
747 1641 864 1740 favent:

434 1760 543 1826 καλῶν
566 1763 625 1843 μὲν
649 1753 706 1826 οὖν
729 1767 845 1843 μοῖράν
870 1788 903 1827 τε
928 1766 1119 1848 τερπνῶν
1144 1767 1175 1839 ἐς
1198 1763 1296 1847 με’σον

338 1915 339 1920 κ
436 1881 491 1961 χρὴ
517 1878 618 1940 παντί
643 1873 710 1958 λαῷ
736 1875 914 1943 δεικνιίναι.

366 1988 455 2053 Adde
481 1985 602 2051 Stobaei
626 2011 642 2052 e
667 1988 832 2076 Florilegio
857 1997 966 2075 ceput,
996 1990 1075 2074 quod
1099 1990 1292 2056 inscribitur:
1320 1997 1370 2061 ὅτι
1395 1993 1446 2060 δεῖ

324 2111 381 2184 τὰς
391 2094 462 2192 ’μὲν
488 2109 637 2192 εὐτυχίας
659 2109 853 2193 προφαίνειν
879 2114 957 2187 κτλ,
982 2106 1005 2173 i.
1028 2129 1054 2172 e.
1079 2128 1141 2192 cap.
1165 2106 1252 2174 CIX.

366 2220 419 2283 Vs.
434 2220 497 2282 365
515 2240 561 2303 sq.
583 2219 674 2309 ’Ἱσηε
692 2227 779 2297 νόον,
799 2221 925 2309 μλώσση
942 2223 975 2289 δε“
996 2228 1031 2288 τὸ
1047 2222 1191 2310 μείλιχον
1209 2229 1280 2292 αι’ὲν
1297 2225 1444 2291 ἑπέσθω·

588 2335 703 2403 δειλῶν
728 2363 777 2404 τοι
802 2337 929 2404 τελέθει
954 2338 1069 2425 καρδίη
1092 2339 1238 2424 ὀξντίρη.

368 2451 420 2516 Vs.
444 2451 541 2515 altero
563 2471 623 2514 nou
645 2450 766 2529 dicitur,
789 2452 870 2536 quod
894 2453 992 2518 visum
1014 2460 1059 2518 est
1074 2453 1212 2540 populari
1233 2475 1300 2518 meo
1317 2476 1375 2519 van
1392 2453 1446 2519 der

325 2567 395 2653 Me)⁷
422 2590 451 2652 p.
478 2570 534 2632 λοι
563 2568 685 2630 aruinam
710 2589 771 2632 erse
793 2569 841 2631 σοι’
858 2589 942 2634 meos
963 2569 996 2632 ie
1012 2581 1160 2655 promptu
1181 2569 1233 2647 sit,
1257 2568 1324 2634 sed:
1349 2568 1445 2632 borni-

326 2682 600 2760 nnmruaticoeum,
622 2683 908 2781 deciderim,
933 2686 1124 2765 οίιδρίων,
1148 2682 1446 2768 imperitaestotidoe

325 2821 382 2887 pne
402 2798 582 2885 plebeculae
614 2818 692 2876 erse,
723 2799 858 2861 animum
888 2821 949 2862 oon
976 2819 1177 2884 conpescere,
1208 2821 1270 2861 aon
1303 2801 1444 2887 ἴσχειν

327 2923 440 2993 νόον,
464 2911 546 2998 quod
566 2912 669 2977 eodem
697 2934 787 2976 sensu
817 2912 941 2993 dictum,
959 2935 1019 2997 quo
1034 2912 1236 2978 Horatiannm
1255 2911 1348 2978 illud:
1365 2935 1446 2977 οονο-

321 3049 411 3115 pesce
425 3038 564 3104 mentem,
577 3025 603 3089 ·i.
616 3047 642 3091 e.
658 3026 738 3090 iram
753 3027 864 3092 cobibe.
890 3029 938 3092 De
951 3026 1172 3112 significatione
1183 3026 1322 3093 vocabuli
1341 3029 1445 3107 δειλός

326 3141 407 3229 apud
429 3141 565 3227 Theogn.
590 3139 728 3205 videatur
747 3141 895 3226 imprimis
921 3141 1060 3207 Welcker
1079 3142 1112 3206 in
1132 3164 1203 3206 suae
1220 3142 1362 3208 editionis
1377 3165 1446 3227 pro·

327 3256 496 3343 legumenis.
525 3257 624 3338 Quare
651 3279 712 3322 non
737 3281 827 3323 sensu
852 3265 913 3324 tam
938 3256 1071 3338 diverso,
1093 3279 1184 3342 quam
1204 3257 1249 3324 illi
1265 3258 1364 3324 risum
1382 3264 1445 3338 est,

327 3373 436 3438 iisdem
460 3371 560 3438 verbis
584 3372 648 3436 sive
670 3370 749 3438 idem
774 3372 836 3437 sive
857 3373 932 3440 alius
957 3379 1047 3458 poeta
1073 3397 1145 3439 usus
1169 3381 1213 3439 est
1235 3397 1276 3438 ve.
1299 3375 1381 3439 1029
1401 3396 1445 3460 sq.

328 3489 470 3554 Ceterum
495 3493 593 3566 recte,
613 3494 646 3551 nt
666 3486 804 3565 videtur,
827 3487 886 3552 iam
910 3486 1032 3552 Brunck
1054 3487 1186 3553 traiectis
1203 3487 1300 3553 verbis
1316 3487 1448 3554 scribere
1526 3559 1542 3575 .

329 3604 436 3670 maluit
459 3605 594 3690 δξντίρη
617 3605 743 3691 κραδίη.

291 3779 297 3798 ,
373 3719 426 3784 Vs.
458 3719 521 3783 370
554 3739 598 3802 sq.
632 3727 817 3802 μωμεῦνται
839 3755 883 3764 —-
905 3729 1086 3804 μιμεῦνται.
1126 3716 1265 3780 Eundem
1290 3714 1448 3783 verborum

327 3835 428 3900 lusum
452 3833 513 3899 iam
537 3831 724 3897 Boissonade
746 3831 865 3896 notavit
887 3831 919 3896 in
936 3832 1094 3917 proverbio
1111 3830 1189 3916 apud
1206 3830 1446 3916 Diogenianum:

573 3956 753 4033 propriorem
777 3975 826 4024 τις
851 3955 951 4036 ῥᾷον
975 3959 996 4034 ἤ
1017 3957 1200 4034 μιμήσεται,

329 4086 390 4129 non
413 4062 513 4128 hercle
538 4066 674 4151 ῥᾴδιον,
698 4060 780 4146 quod
801 4061 852 4127 ille
875 4062 969 4127 affert.

374 4179 521 4243 Similiter
542 4176 664 4252 Cicero,
690 4178 743 4263 qui
766 4176 835 4264 plns
858 4177 953 4243 nimio
976 4177 1033 4242 boc
1055 4199 1163 4262 genere
1188 4176 1366 4255 delectatur,
1394 4198 1449 4262 pro

329 4296 437 4361 Roscio
468 4319 543 4361 com.
569 4297 586 4378 d
615 4300 652 4360 19
677 4294 758 4369 ludit
781 4295 812 4359 in
837 4293 935 4361 verbis
959 4296 1081 4360 laedere
1104 4300 1136 4359 et
1158 4295 1305 4373 laudare,
1332 4291 1449 4356 Aristo·

330 4411 444 4496 phanes
466 4410 498 4475 in
527 4405 641 4473 Avibus
664 4431 709 4473 vs.
734 4410 797 4471 638
822 4431 866 4494 sq.
890 4409 921 4472 in
945 4414 1063 4494 μνόιμη·
1081 4413 1113 4470 et
1129 4413 1216 4493 ῥώμη
1232 4405 1324 4491 inque
1339 4404 1449 4470 iisdem

264 4531 270 4546 ’
330 4525 484 4591 vocabulis
520 4525 585 4592 noti
619 4531 722 4590 auctor
756 4525 983 4612 epigrammatis
1018 4525 1049 4589 in
1082 4521 1335 4598 Demosthenem,
1369 4517 1449 4602 apud

333 4640 535 4727 Pseudoplut.
560 4641 611 4708 vit.
636 4649 768 4709 xoret:
