3270 5374
718 523 761 588 89

362 739 364 750 ’
408 713 410 717 ’
511 717 612 782 κακόν
640 714 683 780 δέ
706 742 745 780 τι
770 725 869 804 γῆρας
892 719 1055 798 ἐπείγει

339 828 523 913 οὐλόμενον,

179 945 219 1003 nt
250 940 403 1024 iungenda
434 941 496 1006 sint
527 941 672 1009 vocabula
697 951 797 1014 κακόν
818 974 849 1012 τι
873 985 915 993 -
940 947 1133 1031 οὐλόμενον,
1157 969 1232 1032 quae
1257 947 1297 1012 sit

175 1055 329 1140 appositio
351 1055 532 1121 substantivi
556 1068 665 1143 γῆρας.
700 1057 784 1138 Quae
807 1066 965 1145 praetereo
988 1059 1070 1125 houd
1086 1060 1187 1145 inepte
1203 1062 1297 1125 conii·

176 1171 242 1234 cias
265 1177 365 1240 κακόν
387 1169 416 1238 δ’
441 1179 494 1239 ἐπὶ
518 1183 615 1259 γῆρας
640 1177 798 1262 ἐσέρρει,
824 1174 870 1238 vel
894 1179 1037 1261 ἐρείδει
1059 1175 1154 1261 (quod
1175 1176 1298 1241 minime

177 1285 351 1370 displicet),
378 1307 437 1351 non
463 1294 535 1351 sunt
557 1293 659 1352 temen
683 1309 714 1352 ee
738 1287 884 1368 lenitate,
912 1295 946 1353 ut
969 1296 1037 1354 tuto
1059 1290 1152 1376 recipi
1174 1298 1297 1376 queant.

176 1400 308 1466 Nullam
332 1401 525 1468 eutem-novi
549 1402 694 1468 leniorem
720 1403 911 1483 medicinam,
937 1426 1027 1489 quem
1051 1404 1126 1469 hacc
1147 1411 1206 1470 eet:

488 1524 587 1586 ιιαιιόν
612 1521 641 1586 δ’
666 1523 736 1588 ἔπι
760 1530 858 1607 γῆρας
882 1519 1056 1608 ἔλεγχος

335 1632 508 1716 οὐλόμενον
530 1637 595 1698 nrt.

227 1742 374 1808 Medicam
398 1765 521 1809 menum
546 1751 706 1830 expectent
729 1767 916 1829 quoquere.
942 1749 1027 1811 1013
1053 1768 1137 1831 sqq.:

227 1847 280 1926 ςΑ
304 1869 409 1947 μάκαρ
435 1862 593 1946 εὐδαίμων
618 1889 652 1930 τε
677 1869 730 1928 καὶ
754 1862 879 1948 ὄλβιος,
902 1864 969 1938 ὃςις
992 1868 1122 1946 ἄπειρος

224 1977 338 2043 ἄθλιον
364 1982 408 2053 εἷς
430 1973 554 2044 Ἀ’όύεω
574 1978 665 2061 όόιμα
687 1977 789 2061 μέλαν
813 1979 952 2061 καταβῇ,

225 2096 300 2178 πρίν
325 2090 353 2157 τ’
378 2095 514 2179 ἐχθρούς
537 2093 655 2174 πτῆξαι
680 2096 734 2156 καὶ
758 2093 997 2177 ὑπερβῆναί
1020 2118 1078 2176 περ
1100 2093 1246 2176 α’νόινιιῃ,

226 2208 372 2284 ἐξετάσαι
398 2234 431 2273 τε
455 2208 584 2289 φίλους,
609 2204 713 2272 ὅντιν’
736 2208 844 2292 ἔχουσι
868 2212 954 2274 νόον.

225 2319 349 2384 Leniter
371 2341 444 2383 sene
467 2317 566 2402 Bergk
589 2319 805 2405 ὐπερβλῆναι,
831 2316 883 2381 sed
908 2317 981 2402 quid
1005 2317 1046 2382 sit
1069 2317 1186 2401 ignoro.
1211 2317 1297 2382 Num

179 2431 279 2496 voluit
310 2431 560 2521 ὑπερβλῆσθαιό
588 2431 637 2495 An
665 2432 928 2521 όπερβληθῆόαι,
955 2432 1064 2496 emisse
1087 2431 1194 2496 vocula
1218 2431 1302 2519 περῖ

180 2546 261 2611 Mihi
292 2568 324 2610 se
350 2545 465 2612 obtulit
491 2545 554 2611 sive
576 2552 832 2630 ὐπειιςῆναι,
864 2545 926 2610 sive
948 2553 1209 2635 ὑπειβῆναι,
1243 2568 1299 2611 nec

179 2669 281 2726 tamen
310 2661 384 2726 haec
407 2661 495 2746 plene
518 2660 721 2740 satisfaciunt,
746 2668 781 2726 ut
801 2683 923 2746 prorsus
947 2663 1118 2727 satisfecitz

270 2781 346 2864 πρίν
372 2777 400 2845 τ’
425 2781 560 2868 ἐχόρούς
576 2779 701 2861 πτῆξαι
726 2783 780 2844 καὶ
805 2783 1074 2864 ἐπενφρῆναι
1097 2784 1164 2844 ιιτὲ.

179 2887 226 2955 Of.
253 2891 353 2954 1033:
870 2892 949 2977 μηδὲ
975 2893 1088 2975 φίλους
1109 2895 1188 2960 οὐνία
1272 2950 1275 2955 .

357 3007 431 3095 μηδ’
456 3010 634 3095 ἐχθρούς
659 3005 861 3093 εὐφραιζνε
886 3013 951 3073 ιιτὲ.

225 3121 376 3187 Incertior
398 3128 446 3186 est
470 3120 641 3186 emendatio
665 3142 724 3186 ves.
752 3121 836 3184 1055
860 3141 944 3205 cqq.:
1049 3115 1057 3134 ⁸

227 3238 336 3304 Ἀλλὰ
361 3238 457 3319 λόγον
481 3243 540 3322 μὲν
564 3244 678 3305 τοῦτον
704 3233 853 3322 ἐάσομεν,
884 3237 986 3324 αὐτὰρ
1014 3241 1082 3321 ἐμοὶ
1108 3239 1143 3302 σύ

226 3353 316 3428 αὔλει
323 3400 333 3430 ,
358 3359 412 3419 καὶ
436 3357 581 3420 Μουσῶν
606 3349 638 3435 (l.
662 3351 838 3435 Μουσέων)
858 3349 1034 3437 μνησόμεθ’
1050 3354 1238 3436 α’μφότεροι.

226 3455 323 3535 αὐται
347 3472 407 3552 γὰρ
431 3464 501 3533 τάδ’
526 3468 653 3534 ἔδωκαν
679 3469 767 3555 ἔχειν
795 3467 1009 3554 κεχαρισμένα
1035 3466 1124 3551 δῶρα

226 3589 273 3649 σοὶ
302 3587 355 3647 καὶ
380 3585 527 3666 ἐμοὶ...
554 3585 627 3666 μὲν
652 3581 682 3645 δ’
703 3585 995 3666 οἷμφιπεριιιτίοσιν.

225 3695 419 3760 Eruditorum
445 3697 582 3779 (quorum
600 3694 786 3759 coniecturas
809 3692 878 3757 vide
893 3693 973 3778 epod
990 3691 1083 3776 ng.)
1102 3689 1184 3753 solus
1201 3707 1300 3753 veram

180 3810 299 3876 Ahrens
326 3809 398 3874 iniit
421 3807 601 3874 emendandi
624 3807 721 3887 viem,
753 3807 855 3871 literas
877 3787 937 3892 μέν
963 3807 991 3874 δ’
1018 3807 1050 3871 in
1076 3803 1178 3870 codice
1202 3801 1303 3868 Muti·

180 3923 266 3990 nensi
300 3922 449 3988 Infinitivi
494 3922 622 3989 alicuius
659 3922 902 3988 terminationem
938 3942 1068 3986 servasse
1107 3918 1301 4004 intellegente.

180 4040 248 4105 Nec
277 4039 416 4125 displicet
446 4039 512 4103 eins
535 4037 723 4105 emendatio:
749 4037 958 4124 (μελέ)μεν
982 4038 1018 4103 d'.
1066 4034 1146 4100 Mihi
1170 4041 1201 4099 et
1226 4031 1303 4098 illud

180 4157 214 4220 in
237 4161 371 4222 mentem
395 4161 537 4231 venerat,
564 4161 595 4220 et
617 4153 696 4219 hoc:

260 4287 265 4300 '
314 4275 361 4336 σοὶ
386 4275 440 4335 καὶ
465 4273 554 4355 ἐμοί,
581 4266 816 4354 (όρεπέ)μεν
841 4265 869 4331 d’
891 4269 1184 4351 οἰμφιπεριιιτόοσιν.

225 4384 318 4450 Lenis
340 4383 487 4449 medicine
509 4388 614 4469 perata
637 4390 683 4447 est
709 4405 752 4448 vs.
778 4379 860 4447 1077
889 4400 952 4463 sq.:

270 4507 373 4587 ὄρφνη
397 4506 457 4587 μὰρ
481 4502 629 4569 τέταται·
654 4506 729 4585 πρὸ
751 4500 792 4565 δι’
817 4503 873 4564 τοῦ
899 4494 1074 4579 μέλλοντος
1101 4494 1234 4560 ἔσεσθαι

178 4651 179 4658 ¹
271 4619 315 4683 οὐ
338 4616 457 4692 §vvere
480 4620 617 4699 θνητοῖς
640 4611 765 4725 περ’ρατ’
792 4613 986 4698 οἷμηχανίης,
