3270 5374
724 585 741 648 5

215 767 274 834 Sed
297 768 330 834 in
353 769 391 834 iis
415 793 550 857 quoque,
579 793 655 856 qnae
679 771 752 838 huic
775 775 873 838 versui
897 775 929 839 in
954 775 1062 842 vicinia
1086 779 1286 864 praecedunt:

392 889 480 975 μηδ’
503 895 517 955 ι’
527 889 594 954 σιδ
604 898 666 954 εἴν
692 890 793 971 αὐγὰς
817 893 906 970 ὀξέος
927 892 1048 974 ἠελίου·

16 1020 61 1082 qq
168 1005 292 1084 propter
320 1022 459 1084 magnam
483 1001 621 1066 lectionis
646 1002 824 1067 varietatem
851 1007 990 1085 (ἐσιδεῖν,
1020 1012 1144 1094 ἐσορᾶν,
1173 1011 1286 1086 ἰδίειν,

15 1166 18 1187 .
51 1186 63 1204 η
169 1116 321 1196 ἐπιδεῖν),
355 1137 415 1179 non
447 1121 492 1180 c'st
515 1115 738 1201 improbabilis,
771 1141 818 1182 me
842 1118 963 1200 iudice,
995 1124 1126 1208 suspicio
1149 1124 1289 1190 habuisse

62 1229 63 1236 '
168 1228 382 1316 archetypum:

113 1327 115 1336 '
415 1349 518 1433 μηδὲ
545 1352 556 1413 ι’
565 1351 584 1416 δ
593 1359 657 1417 εἶν
681 1350 783 1430 αὐγάς
808 1351 897 1428 ὀξέος
918 1350 1037 1433 ηέλίον.

59 1480 63 1503 ¹
168 1457 283 1523 Verum
306 1460 380 1524 haec
402 1460 555 1525 hactenus.

215 1572 266 1638 Vs.
291 1574 350 1638 67:

214 1691 297 1756 οἷλλολ
321 1692 436 1775 δόλους
459 1691 487 1757 τ’
509 1694 638 1767 ἀπάτας
662 1719 694 1758 τε
719 1692 941 1771 πολυπλοκίας
962 1691 991 1758 τ’
1009 1694 1230 1780 ἐφίλησαν.
1286 1681 1291 1689 ¹

213 1805 471 1890 Expectaveram:
494 1835 536 1874 τι
558 1807 767 1890 φιλοῦσιν.
796 1806 1158 1886 311ιοιιι111οο1ἰοοοοο,
1184 1815 1282 1874 verte:

168 1941 276 1982 amare
298 1931 475 2005 coeperunt,
501 1925 536 1982 ut
560 1921 600 1984 sit
623 1921 764 1985 doristus
786 1922 984 1987 inchoativus.

212 2031 267 2096 Vs.
303 2036 364 2097 104
395 2037 608 2118 μσταδοῡν
640 2038 749 2104 ἐθέλοι
782 2037 878 2101 edidit
905 2037 1023 2122 Bergk,
1051 2044 1172 2103 auctore
1197 2040 1286 2104 Butt-

32 2233 37 2245 .
167 2169 292 2225 manno,
318 2147 388 2212 dum
405 2149 436 2212 in
456 2149 625 2215 Mutinensi
642 2157 690 2214 cst
703 2154 900 2236 μεταδοῦναι
917 2155 1029 2230 θέλοι,
1050 2153 1080 2216 in
1098 2153 1164 2216 aliis
1182 2154 1286 2218 multis

14 2237 20 2314 ’-
55 2308 71 2351 3
166 2265 250 2347 μέγα
282 2267 371 2331 δοῦν·
401 2267 519 2332 ἐθέλει.
565 2264 614 2328 Vs.
644 2267 707 2328 286
735 2265 848 2349 legitur
871 2275 1019 2335 τιθεῒν
1046 2269 1186 2346 ἐθέλων,
1221 2271 1283 2333 565

166 2390 335 2447 σννιιῒν
368 2386 505 2456 ὁπόταν,
541 2382 621 2443 1331
657 2389 721 2466 νόῳ
752 2391 920 2448 συνιεῖν
953 2383 1028 2457 ἔπος
1057 2379 1285 2447 οῙιοοδιοοοηί

166 2493 338 2558 coniectura
360 2515 414 2578 pro
438 2497 601 2572 συνιδεῖν,
627 2501 659 2558 et
685 2496 771 2557 1329
795 2494 897 2577 Bergk
913 2517 968 2560 suo
984 2493 1085 2559 Marte
1101 2496 1216 2561 edidit:
1234 2504 1284 2566 σοι’

51 2594 69 2706 q:
165 2638 199 2678 τε
222 2610 356 2677 διδοῦν
379 2610 479 2676 καλὸν
497 2615 595 2684 ἐστιν,
615 2607 686 2672 dum
703 2607 734 2671 in
748 2606 920 2673 Mutinensi
938 2615 1000 2694 est:
1018 2615 1069 2677 σοι’
1080 2638 1113 2677 τι
1136 2609 1284 2680 διδόντ’

14 2780 18 2788 ,
51 2730 71 2819 ξ
164 2727 214 2792 ἔτι
245 2725 361 2794 καλὸν.
395 2721 475 2787 unde
507 2724 662 2808 aliquanto
687 2725 786 2789 lenius
810 2724 966 2788 Hermann
989 2728 1039 2790 σοί
1062 2751 1094 2790 τι
1120 2722 1284 2792 διδοῦν’

20 2817 29 2897 -1
166 2841 214 2905 ἔτι
240 2840 351 2906 καλὸν.
388 2837 487 2918 Quam
511 2839 711 2904 necessarium
735 2840 774 2903 sit
797 2845 863 2918 ἔτι,
888 2839 964 2903 bene
988 2837 1122 2902 ostendit
1146 2861 1202 2902 van
1229 2837 1282 2903 der

56 2925 62 3042 ι,
166 2951 238 3038 Moy
269 2953 306 3016 ad
337 2952 448 3017 calcem
478 2975 546 3038 pag.
579 2955 632 3016 34.
678 2952 746 3017 Nec
774 2953 860 3018 facile
890 2952 1001 3017 formas
1024 2951 1091 3014 illas
1115 2959 1185 3020 ante
1210 2974 1281 3016 con·

165 3074 323 3130 sonantem
355 3067 500 3152 repense,
523 3075 625 3153 'quare
655 3068 810 3132 elisionem
842 3067 979 3132 obtinere
1012 3067 1043 3130 in
1076 3065 1113 3130 iis
1137 3065 1281 3152 suspicor,

77 3212 81 3223 ·
164 3188 195 3244 ct
228 3203 297 3247 oum
331 3181 552 3267 antiquioribus
587 3182 754 3248 editoribus
787 3183 849 3247 illis
884 3183 958 3247 locis
994 3180 1184 3246 scribendum
1218 3203 1283 3246 esse

163 3293 345 3379 μεταδοῠν’,
376 3296 494 3365 τίθεῐν’
524 3305 555 3361 et
586 3301 730 3367 συνιεῖν’.
778 3297 928 3382 Syllabam
959 3327 992 3364 αι
1023 3297 1125 3360 elisam
1151 3295 1282 3381 reperies

163 3431 222 3474 vss.
238 3413 311 3473 445
338 3423 368 3474 et
392 3414 488 3476 1330.

207 3523 258 3587 Vs.
289 3527 351 3588 143
376 3547 441 3612 sqq.

340 3643 444 3718 οὐδείς
467 3671 517 3710 πω
540 3645 663 3721 ξεῖνον,
687 3642 898 3726 Πολυπαίδη.
925 3642 1129 3720 ἐξαπατήσας

340 3756 407 3822 οὐδ’
426 3759 534 3840 ἱκέτην
558 3765 730 3843 θνητῶν
756 3759 946 3830 ἀθανάτους
970 3752 1102 3819 ἔλαθεν.

207 3875 360 3955 Θνητῶν,
392 3870 435 3933 ait
465 3869 581 3954 Bergk,
615 3869 695 3955 quod
729 3890 798 3933 cum
828 3869 931 3945 οὐδείς
962 3864 1153 3949 iungendum
1180 3864 1279 3943 foret,

163 4005 223 4046 non
248 3990 330 4047 caret
353 3985 527 4049 offensione.
551 3983 622 4048 Non
645 3991 745 4048 autem
771 3983 808 4046 de
830 3981 927 4045 nihilo
948 3987 1008 4059 est,
1034 3978 1115 4064 quod
1131 3979 1164 4042 in
1180 3977 1282 4042 codice

164 4096 350 4175 Mutinensi,
387 4120 477 4183 quenr
507 4121 587 4163 enno
623 4100 706 4162 1356
739 4098 770 4161 in
804 4095 968 4161 Parisiensi
1001 4094 1187 4164 bibliotheca
1213 4115 1283 4158 cum

163 4211 257 4274 altera
280 4212 403 4296 Bergkii
427 4212 560 4277 editione
582 4212 758 4299 Lyricorum
784 4234 850 4276 cnm
875 4209 1055 4296 pulvisculo,
1081 4210 1162 4293 quod
1178 4209 1283 4288 aiunt,

164 4325 296 4402 contuli,
322 4348 382 4419 non
408 4335 541 4413 θνητῶν
566 4328 687 4412 legitur,
714 4327 766 4391 sed
787 4326 880 4411 (qnod
896 4325 934 4390 ab
949 4324 1107 4400 omnibus,
1134 4325 1188 4408 qui
1205 4323 1285 4388 codi-

107 4486 114 4508 ι
167 4461 230 4503 cem
259 4440 478 4519 contulerunt,
510 4441 548 4506 ab
573 4465 608 4506 eo
632 4464 769 4527 quoqne,
797 4441 882 4505 cuins
906 4439 1100 4504 collationem
1124 4440 1157 4503 in
1181 4437 1285 4504 libello

78 4609 86 4634 ,
132 4555 133 4558 ’
165 4575 216 4616 suo
240 4553 353 4638 publici
375 4555 449 4619 iuris
472 4555 545 4620 fecit
570 4579 639 4621 ran
664 4556 734 4620 der
758 4556 861 4641 Mey‚
892 4554 1067 4640 neglectum
1090 4577 1157 4618 esse
1181 4553 1298 4638 video)v

165 4669 335 4752 θνητὼν
367 4691 420 4753 per
449 4691 580 4753 gravem.
628 4670 693 4734 Iam
725 4677 833 4754 quarto
859 4669 968 4734 abhinc
989 4689 1068 4734 anno
1092 4668 1126 4732 in
1150 4667 1282 4733 editione
