3270 5374
758 621 800 687 43

217 822 280 881 tam
311 813 406 899 magis
435 835 525 898 quam
556 814 680 905 alteram
712 813 864 879 erroribus
895 810 1057 877 obnoxiam
1081 809 1174 877 fuisse
1197 831 1260 878 non
1283 817 1329 876 est

218 929 297 1015 quod
321 929 474 994 miremur.

260 1043 513 1126 interpolatorem
536 1062 696 1126 agnoscere
720 1040 794 1106 mihi
821 1039 924 1106 videor
945 1063 989 1107 vs.
1017 1041 1083 1104 444
1107 1061 1171 1126 sqq.

304 1165 468 1245 Γνώμην,
495 1161 616 1244 Κύρνε,
642 1163 713 1224 θεολ
738 1168 887 1244 θνητοῖσι
912 1159 1055 1226 διδοῦσιν
1077 1163 1208 1244 ἄριστον

304 1276 509 1358 ἀνθρώποις·
533 1278 645 1358 γνώμη
668 1276 805 1357 πείρατα
833 1278 956 1348 παντὸς
982 1274 1068 1359 ἔχει,

303 1380 327 1451 ὦ
351 1394 474 1471 μάκαρ,
499 1389 585 1463 ὅστις
610 1387 646 1469 (λη’
671 1413 727 1467 μιν
752 1387 817 1473 ἔχει
842 1389 973 1470 φρεσίν,
999 1393 1016 1470 ἣ
1041 1385 1123 1453 πολύ
1149 1387 1286 1472 κρέσσων

305 1501 413 1586 ὕβριος
437 1499 610 1585 οὐλομένης
636 1499 815 1580 λευγαλέον
840 1527 872 1565 τε
900 1506 1006 1586 κόρου.

308 1613 387 1696 [dem
412 1619 541 1680 κακὸν
563 1613 597 1678 δι’
622 1617 762 1701 βροτοῖσι
783 1620 892 1698 κόρος,
916 1619 980 1681 τῶν
1001 1618 1071 1680 οὔτι
1096 1623 1265 1683 κάκιον·
1376 1664 1378 1668 ,

306 1737 393 1796 πᾶσα
416 1735 477 1818 γὰρ
496 1733 531 1794 ἐκ
555 1731 693 1805 τούτων,
717 1729 840 1814 Κύρνε,
862 1727 951 1794 πέλει
973 1729 1182 1814 κακότης].

262 1841 340 1906 Nam
370 1843 481 1908 frustra
512 1841 621 1926 corrigi
654 1840 785 1907 arbitror
815 1864 919 1908 vorsus
949 1836 1042 1907 exiles
1074 1843 1164 1907 simul
1192 1850 1224 1907 et
1245 1863 1334 1928 prave

214 1963 357 2040 argutos,
383 1959 435 2043 qui
460 1958 582 2022 minime
606 1957 729 2042 sapiunt
751 1979 875 2043 gravem
898 1958 982 2023 illam
1005 1957 1249 2042 simplicitatem,
1276 1980 1335 2044 qna

214 2071 345 2157 insignis
368 2079 414 2137 est
437 2079 542 2157 poetae
564 2071 750 2157 Megarensis
773 2073 882 2137 oratio.
927 2157 929 2164 Ι

255 2183 394 2274 ‘Antiqua
417 2189 566 2274 scriptura
589 2171 670 2251 male
689 2186 1025 2254 alibrariisintellecta
1041 2185 1160 2252 videtur
1176 2207 1218 2253 rs.
1239 2186 1334 2265 1181,

215 2325 308 2386 quern
331 2303 374 2368 sic
396 2305 593 2388 scripserunt:

329 2424 447 2493 Ὀὖτις
473 2425 636 2486 ἄποινα
663 2420 809 2498 διδούς
837 2426 985 2487 θάνατον
1012 2425 1108 2501 φύγοι
1136 2422 1201 2482 uri.

216 2551 312 2614 quum
336 2529 526 2596 debuissent:

352 2651 448 2724 Οὖτις
468 2649 609 2714 ἄποιν’
631 2655 680 2714 ἂν
709 2648 804 2724 δούς
828 2655 977 2714 θάνατον
1002 2651 1098 2728 φύγοι
1122 2651 1188 2711 κτὲ.

264 2758 399 2843 Nempe,
422 2782 514 2844 quum
538 2760 689 2845 legeretur
711 2763 1079 2837 AIIOINANAOYO,
1102 2757 1162 2842 legi
1185 2762 1334 2842 putarunt

215 2877 590 2943 ΑΠΟΙΝΑΔΙΛΟΤΟ.
962 2961 964 2968 Α

264 2987 393 3052 Gravius
418 2987 525 3052 vitium
552 2993 726 3053 contraxere
748 3010 791 3054 vs.
819 2990 900 3053 1191
927 3009 1013 3073 sqq.:

351 3106 417 3172 otu
437 3106 551 3190 ἔραμαι
576 3105 695 3189 κλισμῷ
718 3104 877 3192 βασιληίῳ
898 3109 1153 3188 ἐγκατακεῖοθαι

350 3225 512 3298 τεθνεώς,
536 3218 619 3285 dita
642 3222 673 3285 τί
696 3247 750 3304 μοι
775 3221 872 3296 ζῶντι
897 3218 1017 3300 γένοιτ’
1043 3221 1185 3301 οἷγαθόν.

349 3332 537 3400 οἷσπάλαθοι
562 3333 596 3399 δὲ
621 3340 759 3418 τάπησιν
781 3337 890 3416 ὁμοῖον
913 3339 1020 3418 ςρῶμα
1046 3337 1201 3399 θανόντι·
1320 3324 1322 3329 ’

350 3452 391 3513 τὸ
416 3446 542 3524 ξύλον
567 3455 587 3532 η’
609 3448 745 3533 σκληρὸν
769 3449 915 3527 γίγνεται
937 3455 959 3532 η’
980 3447 1138 3532 μαλακόν.

263 3557 357 3639 „Post
389 3559 469 3624 hunc
500 3559 644 3623 versnm’'
673 3559 717 3624 ait
748 3559 849 3644 Bergk
876 3558 1017 3639 „videtur
1048 3565 1237 3645 pentameter
1265 3581 1333 3624 oum

215 3675 414 3754 „hexametro
437 3673 600 3738 excidisse:
626 3696 695 3738 nam
719 3673 792 3738 haec
813 3673 905 3738 fuerit
928 3672 1097 3739 sententie:
1125 3673 1151 3737 si
1171 3672 1239 3759 quis
1256 3694 1333 3737 mor·

215 3795 311 3869 ,stuns
335 3796 396 3862 ost,
423 3787 500 3853 nihil
523 3788 633 3854 refert:
657 3796 692 3857 τὸ
715 3789 811 3867 ξύλον
836 3795 863 3856 εἷ
886 3790 1022 3881 σκληρὸν
1046 3793 1172 3871 γίνεται
1191 3797 1212 3873 η’
1232 3787 1336 3872 μαλα-

215 3910 309 3983 spada,
333 3925 402 3966 narn
426 3903 470 3967 ita
495 3901 687 3968 scribendum
711 3902 823 3988 puto.'’
848 3901 908 3964 Vix
931 3901 1125 3979 crediderim,
1150 3901 1220 3986 quia
1236 3902 1334 3981 ξύλον

212 4016 333 4100 corpori
357 4015 426 4080 rivo
450 4038 568 4100 semper
591 4019 700 4081 donam
721 4023 782 4095 est,
805 4016 850 4080 ita
873 4021 909 4080 ut
932 4016 969 4082 de
992 4022 1113 4082 mortuo
1125 4024 1214 4100 poeta
1226 4015 1274 4079 rix
1290 4014 1335 4081 ita

209 4128 300 4216 loqni
320 4129 455 4214 potuisse
471 4131 688 4198 existimandus
707 4131 757 4195 sit.
791 4131 890 4211 Quare
912 4133 1012 4218 ipsum
1036 4129 1212 4196 vocabulum
1235 4131 1333 4210 ξύλον

212 4250 390 4329 corruptum
421 4267 486 4310 esse
515 4245 625 4313 iudico.
660 4246 750 4327 Quod
773 4247 901 4311 sensisse
932 4247 1053 4312 videtur
1076 4246 1256 4324 Heimsdth,
1277 4246 1331 4329 qui

211 4360 398 4444 ingeniose,
422 4368 456 4424 ut
481 4361 574 4439 solet,
600 4362 649 4426 vix
675 4371 774 4427 tomen
799 4368 898 4444 reete,
922 4363 1110 4449 suspicatur:

394 4486 446 4562 τῷ
473 4481 599 4556 ζῶντι
624 4479 760 4566 σκληρὸν
785 4484 931 4560 γίγνεται
954 4488 975 4565 η’
995 4479 1156 4564 μαλακόν.

263 4590 327 4675 Ego
350 4597 455 4671 teneo,
480 4593 560 4676 quod
584 4592 698 4659 dudam
722 4593 854 4658 conieci:

352 4713 401 4791 τῷ
426 4707 455 4773 δ’
483 4708 607 4778 οὐδέν
631 4711 767 4798 σκληρὸν
792 4717 939 4794 γίγνεται
963 4719 983 4796 η’
1004 4709 1164 4796 μαλακὸν.
