3270 5374
708 589 748 652 33

170 766 244 835 ἄντ’
269 773 381 854 ἐρατῆς
408 775 517 857 σοφίης
541 794 595 858 pro
625 777 696 845 ἄντ’
726 781 838 864 α’ρετῆς
867 783 976 866 σοφίης
1001 779 1040 854 τ’,
1072 779 1142 865 quia
1169 789 1285 847 servata

171 879 229 945 bac
249 881 378 984 lectione
399 884 488 970 plane
512 909 693 972 supervacua
716 897 788 956 sunt
810 891 922 957 verba:

201 1075 202 1084 φ
303 1004 358 1064 καὶ
379 1007 459 1084 ’μετὰ
482 1009 555 1070 τῶν
586 1007 724 1087 ἀγαθῶν
746 1008 863 1076 ἐσθλὸν
889 1009 992 1097 ἔχοιμι
1019 1014 1105 1082 νόον,

171 1110 273 1193 inquo
284 1133 336 1186 vs,
347 1113 624 1200 niquidpaeoatum
634 1142 651 1182 a
661 1120 775 1202 scribis,
789 1129 863 1191 τῶν
878 1145 959 1187 more
968 1121 1053 1207 spico
1063 1121 1143 1186 valet
1152 1128 1285 1192 codron.

217 1223 271 1290 Vs.
297 1227 357 1291 811
372 1223 383 1292 τ’

260 1341 352 1431 χρῆμ’
375 1346 507 1414 ἔπαθον
535 1357 680 1418 θανάτου
700 1357 759 1436 μέν
784 1355 907 1431 οίεικέος
932 1359 1001 1419 οὔτι
1024 1362 1172 1422 κάκιον.

170 1453 256 1518 Nota
277 1455 339 1520 iota
363 1460 556 1544 comparativi
579 1485 658 1528 more
677 1465 846 1529 Atticorum
867 1464 1065 1551 productum,
1088 1466 1171 1552 quod
1192 1466 1287 1532 rarius

171 1569 207 1632 fit
230 1569 309 1656 apud
331 1571 487 1657 elegiacos.
511 1574 558 1642 uf.
584 1581 644 1657 21,
669 1580 750 1657 262,
775 1583 849 1646 411.
874 1580 1012 1645 Alterum
1035 1581 1068 1646 in
1084 1581 1288 1667 Theognidais

123 1767 127 1776 Ι
171 1685 340 1770 exemplum
363 1687 476 1772 legitur
499 1711 540 1755 vs.
569 1694 670 1772 1175,
694 1713 782 1776 quem
805 1699 906 1759 tamen
931 1716 1048 1759 versum
1071 1695 1206 1781 spurium
1226 1718 1288 1760 esse

172 1797 252 1863 iufra
275 1800 432 1866 ostendere
456 1803 594 1868 oouabor.
621 1803 764 1871 Similiter
789 1810 924 1877 κάλλιον
950 1809 1079 1895 reperies
1094 1811 1175 1895 apud
1192 1811 1290 1875 Simo·

170 1912 275 1978 uidem
298 1915 395 2002 epigr.
422 1919 501 1996 142,
526 1921 559 1998 3,
584 1925 614 1983 et
638 1930 752 1989 κάκῖον
772 1924 804 1984 in
828 1922 1003 1988 Archilochi
1026 1922 1157 1988 disticho
1181 1927 1218 1990 fr.
1237 1926 1288 1990 13.

217 2027 344 2094 Frustra
366 2029 398 2094 in
422 2031 548 2097 dubium
565 2040 670 2099 vocata
694 2034 813 2100 videtur
839 2036 952 2101 tradita
973 2038 1064 2102 lectio
1085 2039 1111 2122 1)
1137 2061 1179 2102 vs.
1206 2041 1289 2102 819:

364 2203 366 2206 .
404 2151 435 2223 ές
461 2150 728 2237 πολοάρητον
758 2157 857 2220 κακὸν
886 2159 1013 2238 ἥκομεν.

217 2257 298 2322 Nam
330 2267 453 2344 propter
483 2260 631 2346 duplicem
663 2263 722 2329 vim
755 2265 838 2329 verbi
867 2269 1009 2352 ἀρᾶσθαι
1034 2265 1196 2331 formatum
1220 2263 1289 2329 inde
1320 2349 1322 2354 ,

171 2373 359 2440 adiectivum
387 2375 451 2460 pari
479 2377 543 2441 iure
566 2378 601 2443 in
634 2378 743 2444 bonam
773 2400 862 2463 quam
886 2379 917 2442 in
949 2379 1055 2445 malam
1087 2386 1204 2467 partem
1231 2377 1290 2442 dici

171 2487 310 2574 potuisse
333 2489 487 2574 probabile
514 2497 569 2558 est.

183 2669 187 2674 ,
220 2601 274 2667 Vs.
300 2605 362 2670 826
386 2589 448 2689 ¹sq.:
543 2617 599 2691 γῆς
627 2607 656 2675 δ’
679 2603 769 2694 οὖρος
790 2613 941 2690 φαίνεται
971 2613 1004 2689 ἐξ
1028 2603 1157 2696 ἀγορῆς,

264 2725 333 2802 ἣτε
364 2721 506 2805 τρέφει
533 2731 703 2806 καρποῖσιν
728 2728 762 2791 ἐν
787 2723 970 2802 εἰλαπίναις
995 2727 1172 2808 φορέοντας

265 2836 452 2920 ξανθῇσί
462 2865 479 2903 ν
507 2864 547 2902 τε
576 2843 725 2920 κόμαις
751 2841 950 2923 πορφυρέους
975 2847 1144 2922 ςιφάνονς.

220 2945 305 3010 Bello
341 2946 418 3012 cives
452 2971 486 3012 eo
510 2949 622 3014 redacti
643 2957 744 3028 eraut,
771 2963 804 3014 ut
827 2951 890 3036 agri
913 2952 988 3016 fines
1012 2973 1028 3016 e
1051 2952 1116 3017 foro
1140 2952 1293 3038 conspice·

173 3067 291 3137 rentur,
316 3063 369 3146 qui
392 3063 464 3128 olim
487 3063 570 3148 largo
586 3072 734 3150 proventu
751 3066 901 3145 effecerat,
926 3074 962 3132 ut
984 3067 1075 3133 lautis
1097 3067 1245 3132 conviviis
1263 3073 1294 3132 et

175 3175 440 3243 comissationibus
463 3178 621 3266 indulgere
637 3187 769 3266 possent.
798 3180 880 3246 Hinc
903 3181 971 3246 vide
995 3204 1032 3246 ne
1056 3183 1153 3247 verius
1177 3182 1235 3246 sit:

583 3307 639 3381 γῆς
664 3299 691 3365 δ’
710 3293 801 3380 οὖρος
818 3301 968 3382 φαίνεται
988 3300 1021 3376 ἐξ
1039 3300 1171 3382 οἰγορῆς,

268 3409 318 3492 ἦτ’
342 3410 497 3493 ἕΐίὲφεν
523 3421 692 3498 καρποῖσιν
718 3419 782 3479 κτὲ.

184 3551 367 3562 ...Ψ-.-

126 3706 136 3710 -
214 3659 238 3721 1)
259 3659 302 3708 His
318 3659 374 3724 ipsis
390 3659 470 3708 diebus
488 3660 634 3722 percurrenti
652 3659 800 3710 novissimam
819 3671 931 3708 raauurr
954 3657 1092 3715 editionem,
1114 3673 1183 3722 quam
1204 3658 1297 3708 curavit

178 3753 365 3802 Franciscus
384 3751 598 3817 Umpleubach
615 3781 647 3791 -
669 3743 763 3803 doeturb
788 3769 843 3802 sane
863 3767 921 3817 opus
945 3757 968 3801 et
988 3751 1141 3801 laboriosuml
1161 3779 1191 3788 -
1212 3751 1296 3800 mirum

177 3843 237 3895 mihi
254 3845 348 3906 accidit,
369 3845 470 3896 nondum
487 3846 631 3896 intellectum
649 3861 698 3895 esse
717 3844 773 3894 vitio
791 3860 872 3894 carere
893 3845 949 3908 Syri
970 3844 1042 3894 verba
1066 3845 1094 3895 ad
1117 3843 1259 3893 Sannionem
1273 3841 1299 3890 in

178 3936 327 4008 Adelphis
346 3939 369 3987 11
389 3939 418 3998 2,
439 3941 468 3989 15
488 3955 535 4004 σφι

246 4031 297 4095 Ape
318 4033 372 4082 κονὶ
393 4035 458 4082 taam
474 4035 591 4084 animam:
610 4034 679 4098 qaaaa'
696 4037 745 4086 ιάνκ
762 4048 859 4097 aequam
876 4032 921 4082 tibi
938 4033 989 4082 siat
1006 4031 1092 4092 νίρίνιίὲ
1109 4030 1195 4089 minae,

247 4123 301 4174 dum
317 4124 371 4175 Ιινίν
388 4127 564 4190 οόινριιιινι.-
581 4132 716 4192 practerea
727 4129 807 4177 autem
824 4131 847 4176 te
863 4127 935 4176 aiunt
952 4125 1071 4192 proficicet
1092 4124 1191 4189 Opprum
1208 4125 1264 4174 cett.

213 4219 297 4268 Sensus
315 4220 388 4279 enim,
410 4220 454 4269 nisi
471 4221 562 4284 egregie
580 4221 659 4282 fallor,
678 4221 715 4270 hic
735 4227 781 4270 est:
805 4220 857 4270 Scio
875 4220 930 4284 quid
952 4219 1020 4268 tacite
1043 4225 1118 4269 tecum
1143 4213 1298 4281 colloquaris,

178 4329 263 4377 nempe
279 4313 334 4362 hoc:
346 4311 403 4370 noli,
424 4313 526 4372 Sannio,
545 4313 613 4362 huius
632 4315 705 4377 (Syri)
725 4313 802 4364 verbis
821 4313 906 4362 habers
926 4312 992 4361 fidem
1012 4327 1053 4360 neo
1072 4317 1154 4376 putare
1176 4311 1230 4367 tibi,
1241 4308 1299 4356 dum

175 4405 231 4456 hoie
252 4406 378 4468 (Aeschini)
396 4405 542 4470 obsequaris,
562 4406 609 4456 iam
627 4413 723 4470 paretes
738 4422 787 4456 aare
805 4406 890 4470 viginti
908 4406 959 4455 illas
980 4404 1062 4456 minas.
1081 4433 1113 4442 -
1134 4404 1168 4452 Ea
1188 4399 1301 4467 cogitatio

175 4504 272 4566 propter
289 4501 347 4560 iter,
365 4500 426 4564 quod
444 4499 547 4566 Cyprum
570 4507 720 4564 suscepturus
738 4517 773 4559 er,
794 4500 855 4550 male
874 4504 896 4548 te
914 4500 999 4559 habet3
1017 4499 1057 4548 ubi
1077 4503 1154 4548 tamen
1175 4497 1252 4552 illine,
1274 4496 1302 4541 ut

177 4606 261 4656 spero,
279 4591 387 4650 redieris,
404 4593 447 4642 hoc
462 4609 534 4656 aper,
551 4593 568 4644 i.
586 4608 606 4643 e.
624 4598 651 4642 ut
669 4593 779 4642 reddatur
799 4592 841 4641 tihi
860 4591 964 4654 pecunia.
992 4591 1106 4640 Perversa
1128 4589 1214 4636 Donati
1227 4586 1302 4635 inter·

177 4684 279 4754 protetio
295 4685 319 4734 iu
339 4700 444 4736 errorem
462 4685 587 4737 induxerat
605 4701 723 4737 summum
741 4684 881 4735 bentlcium.

1142 4775 1162 4838 3
