3270 5374
407 803 488 880 585,
515 800 596 878 teu,
623 798 696 862 899.
731 795 870 860 Formam
894 798 1063 864 ἀποειπεῖν
1089 795 1196 879 (semel
1218 795 1331 882 legitur
1356 801 1517 866 ἀποειπὼν

403 937 445 981 vs.
461 917 513 999 90)
532 912 577 977 bis
590 910 761 995 Theognidi
777 909 952 988 restituere,
970 931 1008 972 an
1025 908 1187 973 obtrudere
1204 909 1317 988 dicam,
1334 910 1440 974 eonati
1458 915 1519 972 sunt

401 1030 456 1095 viri
480 1028 579 1092 docti:
606 1026 698 1091 semel
721 1047 763 1092 vs.
788 1028 851 1088 323
877 1022 1007 1102 Heoker,
1030 1023 1083 1088 ubi
1107 1046 1175 1088 cum
1198 1024 1295 1088 sitin
1320 1023 1507 1090 Mutinensi:

445 1154 486 1230 μή
514 1142 587 1212 ποτ’
613 1147 665 1209 ἐπί
689 1156 804 1228 σμικρᾷ
829 1148 986 1224 προφάσει
1010 1141 1104 1224 φίλον
1129 1139 1224 1227 ἄνδρ’
1246 1141 1483 1207 ἀπολίοσοιι

446 1265 640 1342 πειθόμενος
664 1256 796 1343 χαλεπῇ.
825 1262 945 1340 Κείρνε,
973 1255 1139 1342 διαιβολίῃ

402 1371 496 1437 multo
529 1371 628 1434 lenior
660 1376 708 1433 est
743 1368 839 1433 altera
876 1368 1012 1434 eiusdem
1049 1368 1223 1433 coniectura
1253 1371 1517 1443 ἀποθέσθαι,

402 1485 495 1551 semel
519 1484 654 1568 Epkema
678 1506 722 1547 vs.
747 1485 810 1548 519
835 1505 916 1567 sqq.:

490 1600 562 1675 Ἢν
587 1600 628 1666 δέ
654 1627 718 1675 τις
743 1605 855 1684 εἰρωτᾷ
879 1603 935 1663 τὸν
961 1601 1036 1679 ἐμὸν
1061 1601 1149 1684 βίον,
1175 1587 1238 1664 ὧδε
1263 1601 1294 1664 οί
1315 1603 1430 1665 εἰπεῖν

492 1717 535 1790 ὠς
561 1707 595 1780 εὖ
617 1718 676 1797 μὲν
701 1713 866 1800 χαλεπῶς,
888 1716 931 1790 ὥς
957 1714 1104 1800 χαλεπῶς
1127 1713 1161 1778 ἀί
1185 1712 1260 1796 μάλ’
1277 1706 1323 1791 εὖ,

494 1826 576 1894 ὥσθ’
592 1828 651 1894 ἕνα
674 1832 732 1912 μὲν
757 1830 865 1905 ξεινὸν
892 1835 1056 1913 πατρώιον
1082 1827 1139 1894 οὐκ
1163 1826 1442 1905 ἀπολείπειν,

494 1944 600 2019 ξείνια
624 1944 657 2007 δὲ
682 1942 845 2009 πλεόνεσσ’
869 1944 905 2008 οὐ
930 1944 1069 2016 δυνατός
1094 1942 1260 2028 παρέχειν.

450 2055 518 2118 Ηοο
543 2062 646 2120 tamen
669 2054 736 2118 loeo
753 2054 859 2139 quovis
876 2061 1002 2139 pignore
1019 2054 1196 2119 contendam
1215 2051 1338 2116 verbum
1354 2057 1515 2122 ἀποειπεῖν

405 2169 441 2234 de
476 2170 614 2255 hospite,
647 2169 732 2233 euius
764 2192 824 2232 non
856 2177 984 2233 exuetur
1015 2169 1146 2232 amicitia
1171 2168 1221 2253 (of.
1247 2191 1274 2232 v.
1300 2169 1374 2254 90),
1400 2168 1452 2232 sed
1474 2167 1516 2252 qui

405 2291 527 2367 propter
561 2289 726 2367 egestatem
760 2281 893 2366 hospitio
918 2304 979 2346 non
1007 2283 1186 2367 excipiatur,
1213 2283 1292 2348 haud
1321 2283 1394 2348 satis
1421 2292 1515 2370 aptum

405 2417 485 2474 esse3
512 2395 563 2460 sed
586 2397 689 2482 potius
713 2397 897 2490 exspectari:

495 2510 578 2579 ὥσθ’
601 2514 661 2581 ἐ’να
683 2520 741 2598 μὲν
767 2515 874 2591 ξεινὸν
898 2519 1064 2612 πατρώιον
1091 2514 1147 2580 οὐκ
1173 2514 1424 2584 ἐπιλείπειν

407 2627 471 2691 soil.
503 2633 559 2694 τὸν
593 2632 667 2712 ἐμὸν
692 2632 780 2713 βίον,
812 2626 856 2688 ita
878 2637 911 2688 ut
934 2627 994 2710 (res
1016 2625 1097 2713 mea)
1124 2649 1217 2690 unum
1240 2628 1359 2714 quidem
1383 2627 1516 2715 hospitem

399 2754 568 2830 paternum
590 2764 652 2804 νιοπ
674 2742 804 2827 deficiat.
836 2740 978 2824 Cogitavi
991 2741 1081 2805 etiam
1098 2741 1135 2805 de
1151 2742 1323 2828 reponendo
1348 2746 1514 2828 ἀποπίμ-

405 2887 493 2926 πιιν
519 2878 572 2940 pro
596 2856 841 2932 ἀπολείπειν,
869 2877 970 2918 verum
991 2862 1143 2938 praestare
1159 2855 1287 2920 alterum
1303 2855 1379 2919 mihi
1399 2855 1512 2920 videtur.

404 2971 564 3035 Praeterea
586 2969 674 3033 initio
698 2968 755 3032 loei
779 2968 974 3033 hauddubie
999 2967 1134 3034 diremtis
1165 2969 1262 3033 literis
1286 2969 1449 3053 legendum
1465 2975 1513 3033 est:

764 3085 835 3153 ’Ἢν
863 3086 897 3152 δέ
922 3113 957 3152 τι
980 3086 1004 3152 σ’
1028 3091 1155 3174 εἶρεοτρί.

449 3199 521 3263 Νοιι
554 3198 635 3263 enim
666 3221 762 3262 sermo
788 3205 834 3262 est
859 3198 894 3262 de
918 3198 978 3263 alio
1002 3199 1124 3284 quovis,
1149 3200 1202 3264 sed
1227 3201 1263 3265 de
1287 3199 1353 3285 ipso
1377 3201 1444 3280 iilo,
1469 3199 1512 3285 qui

405 3323 591 3380 memoratur
614 3316 647 3379 in
670 3315 853 3400 praegressis
877 3337 921 3379 vs.
946 3319 1008 3379 515
1034 3338 1096 3401 sq.:

763 3431 834 3496 Ἢν
860 3432 895 3495 δέ
920 3457 968 3505 τις
993 3430 1074 3517 ἔλθῃ
1101 3441 1166 3501 art.

449 3542 564 3607 Deinde
588 3543 678 3606 litera
704 3541 826 3607 Aeolica
848 3543 1008 3608 obliterata
1033 3551 1080 3608 est
1102 3567 1144 3608 vs.
1161 3548 1243 3625 428,
1269 3544 1320 3609 ubi
1337 3543 1425 3608 hodie
1442 3564 1509 3628 pror·

403 3681 453 3722 sus
477 3657 608 3723 absurde
633 3658 745 3722 dieitur
769 3666 941 3724 mortuum:

586 3785 715 3841 κεῖσθαι
739 3776 863 3859 πολλὴν
888 3787 961 3860 γῆν
988 3781 1330 3862 ἐπαμησάμενον.

452 3889 619 3972 Aliquanto
644 3910 713 3953 vero
730 3889 860 3966 rectius,
884 3889 965 3973 quod
983 3890 1078 3953 sensit
1093 3890 1154 3955 ianr
1172 3887 1292 3972 Bergk,
1317 3888 1427 3974 legitur
1439 3885 1506 3972 apud

400 4001 526 4067 Sextum
557 4001 762 4088 Empirionm,
798 4003 851 4088 qui
883 4004 914 4068 h.
939 4003 959 4070 1.
992 4004 1128 4068 laudavit
1161 4003 1275 4090 Hypot.
1310 4002 1379 4084 ΙΙΙ,
1407 3985 1411 3992 ’
1461 4003 1507 4076 15,
1562 3992 1563 4006 ’

401 4129 528 4203 γαῖαν
555 4125 569 4186 ε’
578 4129 707 4205 φεσοά
716 4148 860 4205 μενον.
887 4119 933 4183 Ex
959 4127 1085 4205 utraque
1109 4129 1209 4185 autem
1232 4119 1363 4184 lectione
1386 4111 1506 4207 eopjpta

401 4233 559 4318 apparebit
584 4233 703 4298 dedisse
730 4233 955 4318 Theognidem:
1479 4225 1494 4313 1,

577 4359 706 4416 κεῖσθαι
732 4351 856 4434 πολλὴν
881 4361 956 4435 γῆν
980 4359 1309 4433 ἐπιεσσάμενον.
1489 4316 1503 4429 i,

400 4459 448 4526 Of.
475 4461 703 4528 Simonidis
727 4463 780 4528 Cei
799 4465 906 4550 fragm.
927 4469 989 4529 168
1007 4485 1050 4531 vs.
1068 4467 1088 4528 4
1106 4465 1195 4549 (ng.
1213 4464 1260 4528 ed.
1278 4461 1357 4548 III):
1384 4434 1507 4557 Herod

401 4587 476 4662 γῆν
510 4583 808 4668 ἐπιεσσαμένη.
855 4580 946 4647 Hom.
981 4581 1017 4647 11.
1050 4585 1081 4654 Ξ
1110 4583 1191 4646 35οῑ
1225 4587 1298 4648 ἐπί.
1321 4583 1354 4647 δὲ
1382 4586 1525 4679 asoti-q*

401 4693 576 4765 ‘e'oouvao
602 4697 705 4780 καλὴν
734 4701 893 4785 χρυσείην.
943 4697 1031 4762 Adde
1055 4696 1113 4762 Od.
1138 4728 1167 4766 ιι.
1194 4697 1265 4764 143.
