3270 5374
689 629 788 714 ,ra

251 819 317 906 Ope
338 819 478 886 lectionis
505 823 604 910 ἦνον,
633 829 724 907 quam
747 843 764 886 a
787 821 891 888 oodiee
915 823 935 888 S
967 823 1053 891 affert
1076 824 1200 912 Bergk,
1226 847 1328 893 emen·

138 925 141 932 ⁴
205 935 353 1003 daverim:
914 945 917 952 ’

455 1056 605 1139 ’χθόνιον
631 1050 674 1117 δὲ
699 1057 768 1118 καί
793 1057 997 1142 πονηρόν.

199 1165 245 1232 cf.
269 1165 304 1232 fr.
331 1167 392 1244 tt,
417 1163 469 1230 ubi
495 1169 652 1254 χθονίους
674 1164 787 1231 iniuria
811 1172 960 1233 tentatur.

247 1395 418 1462 Srrronmrs
441 1391 500 1459 Onr
523 1393 560 1459 ir.
585 1391 711 1460 XXIX:

469 1509 717 1578 ἀπέλαστον
741 1513 847 1579 ίππον
872 1518 893 1597 ἤ
916 1516 1000 1580 κείνα

473 1621 685 1710 Ἀμυκλαίαν
710 1627 841 1712 α’μωνίῳ

414 1803 419 1814 ,
471 1739 690 1824 ἐλελιζόμενος
716 1742 794 1808 ποδί
818 1743 912 1826 μίμεο
938 1748 1004 1808 xri.

204 1855 343 1920 Gonieoi:
366 1855 594 1922 ἄπλαιιτον
618 1855 721 1922 ίππον
743 1853 765 1919 i.
790 1875 816 1920 a.
834 1875 946 1939 equum
956 1853 1121 1942 ferundum,
1142 1853 1193 1941 qni
1214 1853 1333 1917 stimulo

203 1971 264 2034 non
287 1980 367 2057 apat,
393 1966 503 2033 collato
527 1967 702 2033 muraenas
725 1969 791 2034 loeo
816 1969 896 2056 apud
919 1969 1020 2036 Sohol.
1046 1971 1104 2033 Au.
1131 1971 1214 2033 881:

336 2090 434 2172 Αὕτη
460 2084 510 2169 (un
533 2086 642 2171 αὑτηί)
667 2089 765 2164 Χίος,
794 2087 875 2171 καλὴ
900 2087 1011 2166 πόλις,
1037 2085 1210 2169 (Πόσειδον
1222 2087 1249 2166 t)
1258 2132 1267 2162 ,

251 2201 369 2285 πέμπει
394 2205 454 2287 γὰρ
477 2209 553 2285 ἡμῖν
579 2207 658 2278 ναῦς
681 2206 806 2288 μακρός
829 2202 953 2284 ἄνδρας
976 2201 1023 2281 θ’,
1047 2204 1129 2268 ὅταν
1154 2202 1269 2286 δεήσῃ,

246 2319 304 2383 ,ναὶ
329 2309 435 2384 τᾶλλα
458 2324 634 2404 πειθαρχεῖ
651 2317 759 2393 καλῶς
781 2317 983 2405 dni-paroc
1007 2319 1130 2404 ὥσπερ
1154 2319 1287 2394 ῗππος.

85 2499 88 2506 ,
209 2425 297 2493 Nihil
314 2434 394 2493 certo
417 2450 493 2513 opus
517 2434 581 2508 est,
616 2435 651 2493 ut
672 2429 705 2493 in
730 2433 893 2510 οίπέλαςον
923 2451 1034 2495 nomen
1058 2428 1214 2515 proprium
1238 2428 1333 2493 latere

207 2549 370 2628 putamus,
403 2543 553 2628 siquidem
590 2544 783 2631 Ἀμνιιλαία
813 2545 846 2633 (i.
877 2567 902 2612 a.
933 2547 1124 2631 Λακωνικὴ)
1152 2550 1235 2613 udan
1268 2565 1331 2607 non

207 2655 290 2720 aliud
308 2655 461 2740 signifieat
477 2679 565 2742 quam
584 2679 691 2723 aunone
706 2659 883 2727 venaticam.
902 2659 1051 2725 Meinakii
1067 2681 1137 2725 roro
1155 2659 1330 2724 coniectura

203 2772 394 2856 Πελασγόν,
418 2771 441 2836 i.
465 2795 490 2838 e.
539 2773 722 2852 Ouasaida,
746 2773 952 2853 habebamus,
977 2796 1038 2859 quo
1063 2796 1095 2838 sa
1119 2772 1331 2850 commendet,

172 2957 174 2960 ¹
204 2885 259 2948 sed
290 2869 476 2952 dubitationi
506 2893 608 2977 teman
642 2887 729 2954 valde
753 2894 799 2954 est
823 2887 954 2956 obnoxia
976 2895 1103 2978 propter
1125 2888 1277 2954 diversum
1301 2887 1333 2950 in

205 3000 311 3065 eodem
332 3001 400 3064 loeo
428 3022 524 3086 genus
548 3002 615 3088 equi
638 3011 669 3066 et
692 3003 793 3068 odnie:
816 3004 1012 3090 (Πελασγόν
1041 3008 1143 3072 innon
1168 3007 1199 3068 ot
1225 3000 1334 3088 Ἀμο·

206 3115 343 3184 κλαίοιν
369 3118 475 3200 μόνα).
560 3155 564 3163 ·

250 3226 395 3292 Eiusdem
418 3228 455 3294 fr.
480 3227 557 3294 XL:
588 3231 589 3238 '

867 3355 932 3415 Τοῦ
958 3351 1013 3412 ναί
1037 3347 1213 3434 ἀπειρέσιοι
1256 3352 1259 3358 ’

294 3457 441 3525 πωτῶντ’
466 3465 597 3545 ὄρνιθες
623 3463 702 3547 ὑπὲρ
729 3461 885 3544 κεφαλᾶς,
912 3465 976 3532 drot
1001 3457 1031 3529 d’
1054 3467 1163 3550 ι’χθιίες
1187 3465 1283 3549 ὀρθοί

295 3575 436 3642 ιινανίοο
461 3577 495 3654 ἐξ
519 3575 638 3653 ὕδατος
662 3575 804 3644 όίλλοντο
830 3577 937 3665 καλᾷ
962 3580 1033 3644 σόν
1058 3579 1195 3662 αόίόοχ.

251 3686 366 3753 Contra
389 3695 496 3775 poetae
520 3695 650 3755 mentem
673 3695 800 3770 cantus,
825 3689 911 3774 isque
933 3689 1066 3777 pulcher,
1084 3690 1231 3756 tribuitur
1248 3698 1334 3757 muto

177 3780 181 3786 ’
206 3804 316 3890 pecori.
341 3808 384 3871 At
408 3804 540 3893 Orphei,
561 3827 630 3896 uam
654 3805 692 3871 de
714 3805 773 3876 boe
797 3828 966 3872 sermonum
984 3828 1048 3871 esse
1066 3806 1223 3888 novimus,
1240 3812 1333 3872 uentu

208 3917 349 3986 delectati
362 3899 469 4006 'pisoes
493 3919 652 3996 saliebant.
672 3997 675 4004 Ι
698 3919 780 4004 Ergo
805 3925 911 4005 poetae
935 3920 1115 3985 reddamus:

735 4039 799 4105 οἰνοὶ
824 4035 968 4126 δ’ῖχθιίες
992 4040 1087 4124 ὀρθοί

251 4258 355 4325 Partes
378 4261 610 4346 praepositionis
628 4269 691 4332 ὑπό
718 4263 751 4328 in
783 4287 815 4329 re
838 4265 952 4330 musica
977 4271 1026 4330 sat
1054 4272 1144 4330 notas
1167 4287 1233 4331 esse
1256 4264 1333 4331 arbi·

207 4381 286 4453 trar,
312 4381 345 4438 ut
368 4374 522 4442 illustrare
545 4378 627 4443 buno
650 4400 739 4445 usum
764 4368 961 4464 supersedere
984 4401 1102 4464 queam.

252 4487 352 4553 Nihili
374 4497 419 4552 est
446 4491 626 4558 vocabulum
658 4494 861 4577 οἰπέκμονον,
888 4493 968 4581 quod
991 4493 1107 4578 legitur
1128 4493 1161 4558 in
1186 4496 1336 4582 epigram·

211 4608 289 4667 mata
312 4603 484 4670 Simonideo
508 4605 619 4687 OXII,
643 4630 687 4674 vs.
713 4608 749 4672 3:

327 4809 331 4818 1
387 4721 594 4810 Ξανθίππην
620 4724 827 4810 Περιάνδρου
850 4727 905 4792 uin
915 4725 930 4790 ε’
940 4750 958 4789 ιι
968 4749 1014 4806 χο
1027 4751 1044 4791 ν
1055 4749 1071 4788 ο
1083 4750 1111 4791 ν.
