3270 5374
748 558 789 621 55

769 749 842 817 οὐδὲ
868 750 1051 834 θέμιςας

276 861 384 930 οὐκέτι
411 858 496 942 (ol'd’
518 861 610 946 ἴτιΡ)
634 863 848 945 γιγνώσκονσ’
866 865 939 932 οὐδὲ
964 869 1024 950 μὲν
1051 868 1269 950 εὐνομίας.

211 975 259 1040 Ad
286 975 434 1040 Pluralem
460 979 610 1060 εὐνομίας
634 977 671 1042 cf.
700 977 815 1062 Hymn.
843 978 935 1042 Hom.
963 979 1074 1057 XXX,
1103 980 1154 1045 ll.

256 1090 310 1155 Vs.
336 1092 432 1156 1163.
464 1089 511 1155 Of.
543 1087 618 1154 Oed.
645 1091 721 1176 Reg.
750 1093 830 1156 371:
854 1094 973 1177 τνφλὸς
998 1102 1038 1161 τά
1062 1091 1089 1159 τ’
1109 1087 1194 1160 ὦτα
1218 1102 1274 1160 τὸν
1301 1121 1334 1160 τε

213 1217 311 1274 νοῦν
337 1216 377 1274 τά
401 1204 591 1292 τ’ὄμματ’
617 1203 657 1274 εἷ.
854 1189 859 1210 i

255 1318 307 1383 Vs.
339 1321 577 1397 laet-1330,
601 1343 638 1386 ex
663 1343 730 1386 mea
752 1320 871 1407 quidem
897 1322 1062 1400 sententie,
1086 1321 1113 1385 si
1136 1321 1247 1400 ullam,
1271 1326 1335 1385 tam

210 1434 351 1516 exiguam
385 1433 496 1516 habent
532 1435 764 1502 similitudinem
796 1458 863 1500 eum
891 1458 949 1500 vss.
979 1438 1127 1514 11-14,
1153 1442 1188 1502 ut
1210 1456 1334 1520 prorsus

209 1571 270 1614 non
303 1549 493 1634 intellegam,
522 1551 674 1636 quomodo
707 1573 764 1617 van
790 1552 842 1616 der
865 1552 937 1637 Mey
960 1560 1028 1636 pag.
1055 1553 1098 1616 34
1121 1550 1242 1617 illorum
1265 1574 1334 1616 aue·

208 1665 266 1729 tori
291 1665 345 1729 hos
370 1665 543 1731 obversatos
568 1689 632 1731 esse
656 1667 838 1732 contendere
862 1667 1020 1734 sustineat.
1053 1666 1130 1734 Non
1152 1667 1250 1731 multo
1265 1666 1334 1731 feli·

208 1780 270 1844 cior
293 1788 341 1845 est
366 1781 568 1866 comparatio,
592 1802 682 1866 quam
704 1781 784 1846 idem
808 1805 878 1867 pag.
899 1783 939 1845 88
957 1781 1093 1846 instituit
1107 1782 1188 1845 inter
1203 1803 1248 1846 vs.
1266 1783 1347 1846 313·

207 1919 251 1981 sq.
283 1903 315 1961 et
345 1897 466 1962 Solonis
497 1898 512 1962 f
527 1945 534 1961 .
567 1895 648 1975 XII,
681 1904 771 1982 atque
805 1896 917 1962 ibidem
944 1897 1026 1962 inter
1053 1918 1094 1962 vs.
1122 1897 1183 1960 887
1210 1918 1274 1982 sqq.
1300 1902 1331 1961 et

206 2011 384 2078 Mimnermi
399 2013 435 2078 fr.
453 2013 500 2092 ΙΙ,
519 2017 537 2076 8
556 2033 634 2096 sqq.,
650 2019 684 2076 ut
702 2012 739 2076 de
757 2011 823 2077 aliis
839 2020 952 2076 taoeam
973 2013 1012 2097 1).
1043 2011 1210 2096 Aliquanto
1227 2010 1329 2095 aptius

205 2125 262 2191 iam
288 2125 430 2212 Welelrer
453 2149 521 2192 cnm
538 2150 581 2194 vs.
608 2129 670 2193 813
696 2149 740 2212 sq.
766 2127 900 2192 eontulit
922 2135 1031 2192 notum
1057 2126 1194 2192 scolium.
1241 2126 1330 2191 Adde

204 2240 314 2307 Calliae
339 2249 372 2306 et
395 2241 558 2307 Menandri
583 2242 666 2308 locos
691 2265 739 2327 ap.
765 2242 861 2308 (ilem.
888 2242 975 2309 Alex.
1001 2242 1113 2309 Strom.
1130 2242 1222 2328 le.
1250 2245 1327 2325 264,

204 2379 331 2442 quorum
356 2357 487 2422 alterum
503 2357 627 2422 alterius
644 2379 701 2443 ope
718 2357 857 2446 supplere
881 2364 1007 2424 conatus
1031 2380 1097 2422 sum
1122 2357 1153 2422 in
1182 2355 1328 2422 Obserua-

203 2473 330 2538 tiona'baa
356 2471 472 2538 Critiea'a
493 2473 526 2536 in
541 2470 724 2559 fraprnenta
746 2473 923 2537 corniculum
951 2469 1156 2550 Graecorum,
1181 2493 1210 2556 p.
1230 2473 1281 2536 91.

249 2589 362 2654 Melius
388 2589 475 2682 idem
507 2591 554 2654 vir
577 2588 686 2653 doetus
709 2610 770 2653 rem
802 2587 898 2674 gessit
921 2611 950 2673 p.
976 2591 1037 2666 46,
1069 2585 1121 2652 ubi
1148 2594 1237 2652 acute
1260 2609 1328 2672 per·

202 2704 300 2791 spexit
323 2726 382 2771 vas.
409 2707 472 2770 159
496 2727 540 2790 sq.
565 2727 633 2770 eum
657 2727 716 2770 vss.
735 2706 798 2769 659
815 2725 879 2788 sqq.
906 2702 1138 2787 coniungendos
1159 2725 1232 2768 esse.
1265 2701 1328 2767 Ne·

202 2840 261 2903 qne
278 2819 523 2904 improbabiliter
545 2818 626 2884 idem
650 2842 707 2886 vss.
733 2822 795 2884 889
821 2839 863 2902 sq.
889 2818 961 2883 olim
986 2817 1090 2882 statim
1107 2824 1179 2902 post
1203 2838 1248 2881 vs.
1263 2819 1326 2880 924

200 2933 297 3010 lectos
319 2956 381 3000 esse
405 2934 565 3015 iudicavit,
590 2956 650 3022 quo
674 2933 710 2998 de
734 2956 825 3020 supra
848 2933 1033 2998 monuimus.

246 3046 299 3114 Vs.
324 3051 387 3113 889
420 3058 480 3136 γάρ
502 3063 551 3118 rot
576 3071 630 3134 pro
655 3059 714 3138 γάρ
736 3078 770 3119 τε
789 3047 1013 3113 restituendum
1029 3069 1093 3111 esse
1113 3046 1238 3111 'dudum
1255 3050 1326 3110 ante

200 3162 324 3250 Meyum
349 3163 493 3230 docuerat
516 3164 684 3230 Hermann.
720 3162 800 3228 Vide
823 3163 948 3248 Bergkii
971 3163 1018 3230 ed.
1043 3162 1097 3227 ΙΙΙ
1112 3161 1182 3248 Lyr.
1202 3161 1255 3226 Gr.
1277 3159 1324 3224 Ex

192 3279 390 3362 eonieeturis,
415 3302 490 3365 quas
512 3280 545 3344 in
570 3280 716 3366 opusculo
732 3302 788 3344 suo
802 3277 979 3365 proposuit,
994 3278 1121 3363 insuper
1137 3275 1325 3362 probaverim

199 3392 312 3473 hanoe,
345 3417 387 3460 vs.
417 3395 479 3458 780
512 3394 705 3460 scribendum
738 3415 803 3458 esse
826 3393 845 3479 ἦ
872 3400 934 3481 γὰρ
967 3396 1043 3477 ἐγὼ
1069 3392 1246 3461 δείδοικ’
1270 3412 1325 3476 pro

198 3508 218 3594 ἦ
248 3515 308 3595 γὰρ
339 3513 466 3592 ἔγωγε
500 3510 657 3578 δέδοικ’
690 3512 791 3593 (quam
815 3507 1058 3606 emendationem
1082 3508 1137 3572 alii
1160 3507 1268 3572 debere
1293 3530 1325 3572 se

198 3622 265 3708 ait).
313 3624 372 3689 Sed
403 3624 667 3690 vehementissime
690 3647 769 3710 nego
794 3623 957 3709 quiequam
982 3625 1166 3690 mutandum
1191 3647 1255 3690 esse
1280 3646 1324 3690 vs.

200 3740 282 3804 1177
310 3761 370 3824 sq.:

331 3857 361 3921 εἴ
384 3853 413 3921 κ’
438 3857 505 3942 alpe
528 3858 629 3941 ἔργων
654 3861 797 3944 αἰσχρῶν
821 3859 995 3940 ἀπαθὴς
1020 3859 1075 3922 καὶ
1099 3857 1231 3941 αἐργὸς,

330 3976 448 4055 Κύρνε,
473 3975 605 4058 μεγίςην
631 3999 686 4040 κεν
711 3981 827 4058 πεῖραν
848 3968 874 4055 2)
901 3975 987 4059 ἔχοις
1010 3975 1136 4058 ἀρετῆς.

216 4084 321 4150 'Nam
344 4075 425 4170 qnod
448 4085 520 4162 ille,
553 4069 677 4150 collatis
701 4107 759 4150 vsa.
788 4087 1030 4165 1305-1310,
1064 4085 1175 4168 quibus
1201 4106 1240 4148 ne
1263 4083 1324 4169 syl·
1416 4165 1422 4180 ,

197 4198 263 4282 laba
286 4199 409 4286 quidem
433 4206 480 4264 est
504 4222 572 4265 oum
594 4198 807 4304 illistversibus
831 4198 1018 4280 communis,
1039 4221 1093 4285 pro
1117 4205 1251 4284 ἀπαθής
1276 4221 1324 4264 re-

199 4382 204 4387 .
212 4382 391 4390 ---—--.-..--

231 4503 255 4562 1)
274 4501 398 4550 Lubrieum
424 4501 519 4549 omnino
545 4501 588 4550 hoe
612 4499 757 4549 coniectandi
775 4515 857 4563 genua.
891 4499 952 4565 Quid
977 4503 1046 4552 velim
1065 4503 1165 4561 senties,
1186 4509 1324 4567 comparato

197 4609 231 4645 va.
250 4593 297 4642 998
316 4609 368 4644 enm
387 4607 421 4645 vs.
439 4595 503 4652 818,
522 4611 555 4646 va.
575 4594 621 4644 881
641 4609 675 4658 sq.
693 4609 745 4643 eum
765 4609 798 4644 vs.
818 4593 865 4644 189
884 4609 918 4658 aq.

230 4687 255 4750 8)
274 4688 373 4752 Egregie
397 4688 488 4738 Heeker
503 4690 637 4757 μεγίστης
655 4707 702 4740 κεν
719 4682 843 4758 aalpoa'.
