3270 5374
729 571 769 637 41

195 787 259 850 qua
282 761 410 844 vixerit,
435 768 525 849 poeta
547 769 647 828 aetate
664 769 817 850 utcunque
828 783 969 828 excusare
992 767 1126 827 conatur.
1157 764 1199 827 At
1213 774 1317 857 neque?

195 881 233 945 de
256 880 309 945 illa
331 887 429 945 aetate
453 879 612 965 quicquam
648 885 787 959 constat,
821 886 852 945 et
888 879 998 944 similia
1029 900 1045 942 e
1072 877 1218 965 sequioris
1244 878 1310 944 aevi

195 994 411 1081 scriptoribus,
447 1001 482 1059 nt
516 994 616 1080 aliqua
650 995 841 1060 coniecturae
873 994 948 1058 fides
979 999 1161 1072 nasceretur,
1191 993 1312 1059 fuerant

194 1110 357 1174 afferenda.
404 1108 514 1174 Obstat
544 1109 623 1173 idem
647 1112 769 1198 μεγάλη
793 1109 861 1174 aliis
885 1131 1003 1195 quoque
1027 1109 1206 1174 coniecturis
1229 1109 1312 1174 velut

193 1223 383 1309 Berglri'anae
407 1229 450 1291 vs‘a
484 1223 592 1311 λινέης
616 1226 776 1312 μεγάλης,
812 1213 1056 1289 Hermannianae
1080 1231 1114 1293 ἐκ
1137 1226 1253 1312 λόχμης
1274 1254 1308 1309 μ.

195 1339 288 1420 Quod
319 1339 352 1403 in
383 1339 437 1404 ΙΠ
467 1338 513 1403 οδ.
549 1338 678 1404 coniecit
708 1339 808 1424 Bergk
833 1345 867 1408 ίιι
889 1342 1021 1428 ξυλίνης
1045 1340 1157 1424 κοιλιῆς
1182 1339 1311 1424 aliquam

194 1461 276 1518 certe
296 1453 423 1538 speciem
447 1452 591 1532 haberet,
614 1453 673 1518 nisi
708 1463 906 1539 sequerentur
936 1445 1027 1519 verba
1052 1459 1190 1544 βρόκηον
1214 1455 1311 1541 οίπορ·

194 1571 311 1655 ρηξας,
348 1569 455 1654 (quae,
490 1567 674 1653 transposito
710 1567 840 1633 disticho
874 1571 958 1634 1101
992 1590 1033 1654 sq.
1058 1573 1129 1632 aute
1149 1566 1311 1632 distichum

198 1683 285 1746 1000
302 1703 364 1766 sq.,
391 1681 469 1746 male
492 1681 564 1747 hinc
588 1681 706 1746 divellit
731 1705 787 1747 van
813 1681 866 1747 der
888 1681 960 1768 Μοη7
981 1683 1003 1748 l.
1026 1682 1062 1760 l.;
1087 1703 1154 1746 nam
1179 1681 1224 1746 ita
1247 1681 1311 1746 ido·

196 1817 256 1862 neo
287 1817 377 1862 sensu
408 1795 461 1860 illa
491 1795 581 1861 verba
612 1795 780 1881 carebunt).
826 1799 906 1861 Aves
933 1796 1014 1861 enim
1039 1797 1137 1862 caveis
1160 1797 1310 1878 inclusae,

195 1931 356 1995 nusquam·
374 1911 529 1995 gentium,
553 1911 668 1996 opinor,
696 1917 852 1996 praeterea
876 1911 948 1976 resti
971 1910 1148 1996 alligantur.
1194 1911 1313 1977 Collato

196 2023 267 2090 loco
292 2024 513 2110 Aristophaneo
535 2045 573 2090 er
596 2025 714 2090 Avibus
736 2047 780 2091 vs.
806 2027 868 2090 525
894 2046 973 2111 sqq.:
1063 2048 1065 2056 ¹

291 2205 301 2232 ,
419 2150 482 2221 πᾶς
506 2168 554 2219 τις
579 2137 627 2226 ἐφ’
653 2146 727 2228 ὑμῖν
752 2145 942 2227 ορνιθευτης

417 2238 500 2341 ίςηοι
522 2262 722 2346 βρόχους,
747 2259 905 2338 παγίδας,
931 2259 1086 2346 ῥάβδους,

418 2371 512 2458 ἕρκη,
538 2372 690 2458 νεφέλας,
716 2372 848 2449 δίκτυα,
873 2379 1007 2457 πηκτάς,

196 2484 273 2562 hoc,
307 2484 367 2548 nisi
395 2483 494 2564 fallor,
525 2492 650 2570 apparet
674 2507 841 2550 sermonem
865 2508 931 2550 esse
954 2486 992 2551 de
1014 2508 1086 2565 ave,
1115 2486 1168 2572 qui
1191 2486 1313 2572 laqueo,

194 2599 228 2663 iu
246 2620 335 2683 quam
357 2598 520 2680 inciderit,
550 2607 642 2686 rupto
676 2623 820 2688 aucupem
853 2601 1001 2687 effugiens
1032 2601 1139 2687 pennis
1170 2623 1201 2665 se
1227 2600 1316 2665 tollat

195 2712 367 2779 sublimem.
391 2715 494 2794 Quare
516 2713 661 2780 ambabus
684 2717 879 2802 amplecterer
903 2717 1111 2782 huiuscemodi
1137 2716 1314 2783 lectionem:

288 2830 380 2918 Ἤδη
404 2836 458 2897 καί
483 2839 691 2916 πτερύγεσσιν
718 2836 889 2918 ἐπαίρομαι
911 2837 971 2913 alge
996 2838 1142 2902 πετειυόν

287 2951 345 3024 εἷς
369 2947 527 3033 α’ίθρηυ
551 2946 757 3032 μεγάλην,
782 2947 888 3032 ἄνδρα
913 2950 1013 3014 κακὸν
1039 2951 1232 3033 προφυγὼν,

286 3062 424 3147 βρόκηον
448 3063 629 3148 ἀπορρήξας
653 3066 719 3126 uri.

242 3173 285 3237 At
310 3194 415 3257 parum
440 3173 513 3239 huic
538 3172 745 3238 emendationi
764 3173 845 3237 favet
872 3172 1018 3239 librorum
1042 3174 1208 3260 scriptura,
1239 3197 1313 3260 qua·

194 3292 320 3372 propter
336 3286 461 3352 fortasse
478 3311 539 3353 non
556 3287 771 3367 reiioiendum,
790 3288 869 3374 quod
890 3288 1012 3374 propius
1027 3287 1066 3352 ad
1087 3288 1206 3354 literam
1219 3289 1315 3373 suspi-

195 3407 284 3466 catus
306 3407 353 3466 est
369 3401 484 3468 Orelli:
508 3409 543 3471 ἐκ
567 3406 694 3492 λιίμης
717 3404 873 3492 μεγάλης,
894 3403 938 3468 ita
957 3410 1076 3483 tamen,
1099 3409 1135 3467 ut
1150 3401 1240 3466 simul
1255 3402 1315 3466 vir·

196 3515 271 3604 gula
286 3523 498 3602 transponatur
513 3525 582 3604 post
604 3525 763 3587 πετεινόν.
798 3516 845 3581 Of.
869 3517 1025 3603 Aristoph.
1055 3519 1110 3584 Av.
1137 3519 1238 3598 1080,
1263 3517 1314 3581 ubi

197 3632 309 3698 chorus
333 3632 405 3698 haec
426 3632 463 3698 de
484 3633 673 3714 Philocrate,
697 3633 874 3718 cognomine
897 3631 1051 3698 Struthio:

203 3781 206 3786 ·
289 3743 358 3813 εἶτα
380 3753 488 3828 φυσῶν
509 3754 567 3825 τὰς
590 3749 703 3836 κίχλας
728 3750 870 3818 δείκνυσι
893 3757 946 3816 καί
972 3750 1242 3838 λυμαίνεται,

288 3873 355 3941 τοῖς
378 3891 411 3932 τε
439 3868 625 3953 κοψίχοισιν
647 3871 767 3944 εἰςτὰς
794 3872 885 3955 ῥῖνας
909 3871 996 3956 ἐγχεῖ
1018 3872 1059 3933 τά
1082 3875 1198 3952 πτερά,

287 3985 343 4055 τὰς
370 3989 535 4064 περιςεράς
559 3975 595 4046 θ’
618 3984 732 4066 ὁμοίως
756 3981 929 4065 ξυλλαβὼν
955 3982 1060 4066 είρξας
1085 3983 1165 4069 ἔχει,

286 4096 530 4176 κάπαναγκάζει
556 4094 709 4164 παλειίειν
731 4095 902 4181 δεδεμένας
927 4101 961 4165 ἓν
986 4096 1114 4182 δικτύῳ.

241 4207 326 4272 Tales
349 4207 444 4293 igitur
469 4209 564 4296 λῦμοιι
586 4209 702 4274 miseris
717 4207 823 4274 avibus
839 4209 934 4294 captis
950 4208 1161 4273 imminebant.
1188 4207 1312 4272 Poetam

195 4321 293 4408 igitur
324 4321 380 4386 lroc
402 4321 499 4388 dicere
522 4323 667 4390 arbitror:
701 4346 754 4390 οιυ
776 4325 853 4404 oola,
876 4347 955 4412 qnae
976 4335 1066 4409 rupto
1089 4326 1197 4410 laqueo
1221 4345 1313 4386 ουοιι-

193 4457 269 4523 pcm
299 4437 599 4526 contumeliosamque
628 4450 738 4502 sortem
771 4438 887 4526 cffuplt,
921 4459 979 4526 epo.
1003 4448 1032 4502 te
1064 4437 1170 4525 efficpl':
1193 4449 1225 4501 tu
1247 4447 1315 4502 υονο

201 4550 312 4616 ambro
333 4573 403 4616 νοοο
426 4553 573 4633 amicitia,
593 4555 723 4640 posthac
745 4576 846 4619 meam
862 4554 1061 4640 pnldcnliam
1077 4576 1233 4642 opnoscca;
1253 4552 1274 4617 i.
1288 4575 1314 4619 e.

200 4665 372 4750 intelliges,
402 4689 492 4755 quam
522 4668 666 4754 prudenti
699 4667 796 4734 amico
819 4667 956 4756 privatus
978 4669 1029 4734 sis.
1058 4668 1105 4735 Of.
1128 4666 1317 4734 Camerarius
