3270 5374
716 594 756 656 31

222 783 286 848 713
309 784 376 852 ott·
401 791 429 851 εἷ
453 788 577 870 ψεύδεα
599 789 657 869 μέν
681 793 787 859 ποιοῖς
812 788 973 869 ἐτύμοισιν
997 792 1104 870 ὁμοῖοι,

310 902 456 982 γλῶσσαν
482 903 562 989 ἔχων
587 903 743 983 ἀγαθὴν
767 902 965 986 Νέστορος
990 903 1162 980 ἀντιθέου,

312 1019 467 1100 ὠκιέτερος
493 1016 521 1083 δ’
544 1018 660 1102 εὶήσθοι
683 1017 786 1090 πόδας
810 1021 937 1104 rapodo
961 1017 1138 1101 Ἀρποιῶιι
1165 1023 1229 1082 κτέ.

221 1128 384 1212 Ingeniosa
412 1128 552 1194 Hecker:

309 1246 456 1326 γλῶσσαι
486 1245 566 1330 ἔχων
591 1245 743 1328 οῖγοιιιὴιι
770 1241 927 1327 Ὀρφέος
950 1247 1130 1323 α’ττιθέου,

174 1358 224 1422 cui
259 1359 447 1423 coniecturae
478 1379 549 1421 sanc
584 1356 715 1422 libenter
749 1357 995 1441 acquiescerem,
1010 1359 1042 1423 ni
1075 1358 1296 1424 dubitationem

172 1473 314 1537 iniiceret
334 1471 511 1536 mutationis
532 1471 673 1556 gravitas.
697 1471 777 1535 Fieri
801 1473 882 1536 enim
899 1479 1016 1557 potest,
1034 1480 1068 1538 ut
1084 1481 1155 1558 post
1169 1495 1213 1537 vs.
1233 1476 1295 1539 713

172 1587 326 1652 distichon
343 1587 557 1668 (interciderit,
579 1587 610 1650 in
635 1586 721 1650 cuius
737 1609 780 1651 us.
798 1587 899 1670 priore
922 1588 1024 1673 magni
1038 1588 1166 1653 alieuius
1191 1593 1297 1673 poetae

171 1701 290 1785 antiqui
314 1724 425 1766 nornen
450 1705 676 1778 memoraretur,
704 1701 881 1784 posterioris
904 1709 1005 1767 autam
1028 1725 1134 1766 sensus
1159 1701 1268 1767 fuerit:

262 1817 332 1882 Sive
354 1817 387 1880 in
410 1817 559 1882 coccione·
572 1837 651 1904 qaae
673 1815 765 1880 celles
785 1815 952 1880 dominibus
973 1819 1183 1902 persuaderes.

217 1933 267 1998 Ita
296 1934 379 1998 enim
398 1932 568 1997 rectissime
595 1937 791 2016 sequeretur:

308 2027 454 2130 ρλῶσσατ
481 2051 562 2136 ἔχων
584 2051 739 2129 ἀγαθὴν
767 2047 963 2130 Νέστορος
985 2047 1154 2122 ἀντιθέου,

173 2170 209 2227 ut
235 2160 351 2227 habent
374 2163 498 2228 codices.
547 2160 648 2240 Quare
672 2160 775 2244 potius
797 2159 935 2224 lacunam
959 2158 1125 2222 statuerim.

219 2277 333 2342 Contra
363 2254 421 2342 vs.
440 2280 501 2342 731
529 2299 594 2361 sqq.
620 2275 688 2339 vide
715 2299 752 2340 ne
777 2275 862 2361 gravi
885 2274 1026 2339 laborent
1049 2274 1297 2358 interpolatione,

170 2415 265 2477 quam
289 2391 430 2458 indicabo
455 2389 630 2456 scribendo:

218 2515 283 2575 Ζεῦ
303 2515 414 2594 πάτερ,
432 2509 502 2573 εἴθε
525 2507 680 2586 γένοιτο
698 2513 805 2582 θεοῖς
818 2504 922 2588 Ιφίλοι
945 2502 1026 2586 [τοῖς
1044 2508 1104 2588 μέν
1119 2505 1275 2590 οῖλιτροῖς,

218 2624 314 2710 ὕβριν
340 2611 513 2690 obstruat
537 2645 627 2703 σφιν
652 2626 763 2686 τοῦτο
787 2621 943 2701 γένοιτο
968 2619 1081 2702 φίλον

219 2741 334 2824 eulpa,
357 2723 488 2826 σχέτλιοι
512 2725 708 2822 έργσμετὰ
731 2734 880 2820 φρεσὶν]
903 2736 970 2810 ὅςις
992 2734 1155 2816 deum
1195 2762 1198 2768 ·

221 2856 402 2935 ἐργάζοιτο,
427 2857 515 2920 θεῶν
538 2853 640 2938 μηδὲν
664 2851 874 2935 ὀπιζόμεοσς,

220 2971 320 3036 αὐτὸν
345 2971 459 3035 ἔπειτα
482 2968 582 3034 πάλιν
607 2975 693 3032 τῖσαι
719 2971 804 3031 caud
828 2969 894 3030 κτὲ.

219 3081 361 3160 Etenim,
396 3089 430 3146 ut
454 3087 570 3145 taceam
593 3080 685 3144 miras
709 3077 854 3143 sermonis
878 3061 1027 3161 ambages
1043 3074 1298 3141 inextricabilem-

173 3218 234 3281 que
257 3195 315 3260 loci
340 3202 544 3274 structuram,
570 3218 661 3280 quam
684 3194 787 3278 Bergk
810 3191 954 3276 expedire
978 3199 1102 3256 conatus
1126 3199 1173 3256 est
1190 3190 1297 3255 admit-

174 3311 269 3374 tenda
297 3310 406 3376 lacuna
438 3318 505 3397 post
537 3310 629 3376 verba
660 3315 755 3399 ὕβριν
779 3311 890 3384 ἁδεῖν,
921 3328 1044 3393 prorsus
1068 3327 1129 3371 non
1152 3304 1297 3389 intellego

175 3425 252 3510 quid
275 3426 316 3489 sit
340 3428 473 3516 σχέτλια
497 3431 574 3513 ἔργα
597 3433 699 3512 μετὰ
727 3431 873 3512 φρεσὶν
898 3427 1171 3510 ἐργάζεσθαι.
1216 3419 1298 3484 Nam

176 3541 240 3605 scio
264 3540 337 3627 quid
365 3542 405 3606 sit
434 3549 537 3626 μετὰ
573 3547 692 3629 φρεσὶ
727 3542 1021 3627 μερμηρίζεις,
1046 3536 1298 3626 βάλλεσθαι,

177 3655 232 3720 sed
264 3664 343 3742 μετὰ
374 3665 485 3745 φρεσὶν
515 3661 708 3745 ἐργάζεσθαι
744 3657 833 3742 plane
868 3653 1031 3720 absurdum
1053 3659 1111 3716 est.
1161 3649 1300 3731 Quodsi

175 3771 253 3835 mihi
278 3771 413 3850 dederis,
437 3771 566 3836 fortasse
591 3793 706 3835 mecum
731 3771 822 3836 facies
846 3767 1042 3835 rescribenti:

266 3893 327 3954 Ζεῡ
344 3896 455 3972 πάτερ,
474 3891 542 3954 ε’έθε
559 3889 687 3968 γένοιτο
704 3897 794 3963 θεοῖς
810 3887 939 3968 φίλοι,
956 3889 1024 3962 ὃςις
1040 3882 1192 3968 α’λιτρά
1211 3880 1238 3964 Ῑ)

267 4005 433 4091 ἐργάζοιτο
457 4009 523 4069 κτὲ.

223 4115 282 4180 Sed
305 4139 371 4181 ecce
394 4138 438 4181 va.
463 4117 523 4181 737
551 4137 633 4201 sqq:

214 4444 238 4506 l)
257 4441 354 4511 ἀλιτρά
371 4442 470 4506 exempli
486 4443 563 4504 gratia
579 4440 668 4505 scripsi.
703 4441 765 4489 Nam
787 4438 849 4488 aliud
868 4438 923 4502 quid
941 4437 984 4486 auh
1002 4435 1107 4504 ἀθὴνης
1124 4437 1198 4486 lutere
1217 4435 1302 4500 proba·

178 4539 225 4587 hila
241 4547 282 4589 est.
311 4536 384 4602 Quod
407 4535 484 4598 Bergk
504 4551 530 4584 ax
553 4533 670 4598 llesycbio
690 4533 794 4597 reposuit
813 4531 943 4601 ἀθιιρὴς,
961 4529 1060 4579 admissa
1078 4545 1130 4578 maa
1151 4529 1236 4585 litura,
1254 4543 1301 4576 non

178 4633 277 4696 amplius
296 4630 417 4688 convenit,
431 4645 473 4678 nec
490 4627 591 4696 ἄθειρῆ
610 4628 708 4676 sortasse
725 4631 783 4679 satis
802 4628 916 4676 Graccum
933 4627 975 4672 cat.
1011 4625 1074 4672 Num
1098 4619 1138 4682 ὅς’
1159 4621 1301 4686 wlfingo?

177 4725 267 4778 Metius
285 4727 336 4773 tuta
354 4722 446 4786 reperi,
467 4737 502 4770 me
522 4721 616 4771 missum
631 4720 707 4784 saec!
