3270 5374
856 571 896 636 42

318 760 396 850 apud
420 760 614 828 Welckernm
632 761 696 846 tvi.
724 763 834 848 1250).
862 761 949 828 Inter
971 761 1052 827 hunc
1074 784 1115 828 vs.
1142 766 1173 826 ct
1196 783 1322 847 sequens
1343 760 1430 827 disti-

318 879 395 944 chon
428 878 571 944 nonnulla
607 876 751 942 excidisse
787 875 959 962 planissime
990 875 1135 942 assentior
1165 875 1304 962 Bergkin.
1350 875 1429 941 Oum

317 992 414 1060 verbis
448 1001 583 1083 βρόκχον
615 997 816 1080 ἀπορρήξας,
847 1012 906 1079 quc
926 991 1020 1076 magis
1040 996 1180 1077 appareat
1205 991 1243 1055 ad
1263 991 1429 1076 fugientem

319 1106 485 1193 pertinere,
516 1130 577 1172 non
608 1109 655 1191 (ut
683 1107 782 1172 visum
806 1114 852 1171 est
874 1106 1004 1170 disticho
1026 1106 1237 1190 transponenti
1263 1105 1365 1190 Mcyo)
1390 1105 1430 1170 ad

319 1245 388 1287 eum
412 1223 464 1308 qui
487 1223 590 1309 fugam
612 1215 728 1302 suasit,
753 1227 965 1307 comparentur
988 1243 1047 1286 uss.
1069 1223 1133 1284 259
1156 1229 1186 1286 et
1209 1222 1283 1286 459.

363 1337 414 1403 Vs.
443 1341 526 1403 llas
551 1361 631 1426 sqq.:

385 1456 630 1541 Ἐμπίομοιι,
656 1461 767 1542 πενίης
791 1461 1004 1541 θυμοφθόρον
1027 1457 1064 1521 οὐ
1086 1454 1350 1539 μελεδαίνειν

385 1566 453 1636 οὐδ’
476 1571 604 1655 ἀνδρῶν
630 1573 775 1657 ἐχθρῶν,
800 1574 834 1637 ci'
853 1596 890 1656 με
915 1568 1043 1649 λέγουσι
1067 1573 1183 1645 κακῶς.

385 1679 458 1749 ἀλλ’
480 1688 562 1772 ἥβην
589 1688 705 1769 ἐρατὴν
726 1685 938 1770 ὀλοφιίρομαι,
960 1689 980 1769 η’
1002 1682 1035 1766 μ’
1058 1682 1217 1749 ἐπιλείπει
1238 1679 1282 1764 1),

386 1797 488 1865 κλαίω
510 1795 539 1864 δ’
560 1800 719 1885 ἀργαλέον
745 1809 842 1883 γῆρας
866 1803 1086 1885 ἐπερχόμενον.

365 1908 566 1995 Depravatnm
583 1928 646 1978 esse
661 1912 840 1978 vocabulum
865 1917 963 1997 ἐμπί
974 1939 1070 1997 ομαι
1094 1909 1196 1996 arguit
1212 1915 1276 1974 tum
1294 1912 1432 1992 correpta

321 2022 431 2087 vocalis
453 2023 533 2104 iota,
556 2048 624 2090 nam
645 2026 755 2091 veteris
770 2032 877 2111 poetae
900 2025 955 2090 hos
971 2047 1074 2090 versus
1090 2046 1156 2088 esse
1172 2044 1262 2088 nemo
1277 2020 1434 2086 dubitabit

323 2141 401 2220 (cnm
431 2137 562 2232 Bergkio
589 2141 772 2206 Mimnermo
794 2140 984 2227 tribuerim),
1005 2146 1070 2205 tum
1095 2140 1161 2226 ipsa
1187 2138 1245 2203 loci
1267 2136 1430 2228 sententia,

321 2275 410 2337 quam
439 2256 570 2340 potandi
612 2256 795 2322 mentionem
834 2257 978 2342 respicere
1012 2239 1156 2320 suadere
1178 2253 1252 2319 mihi
1290 2253 1434 2318 videntur

320 2367 409 2432 verba
435 2369 570 2454 opposita
590 2392 632 2436 vs.
653 2372 748 2438 1131.
773 2371 917 2451 Accedit,
941 2370 1021 2459 quod
1040 2377 1100 2436 tam
1118 2369 1240 2436 Stobaei
1256 2368 1325 2434 libri
1342 2390 1433 2455 quam

321 2482 452 2567 optimus
476 2483 568 2549 codex
590 2483 774 2570 Theognidis
796 2509 857 2552 non
879 2489 1076 2572 μελεδαίνων
1090 2485 1251 2564 exhibent,
1270 2483 1324 2548 sed
1342 2484 1434 2569 μελε·

322 2599 433 2665 datum.
482 2597 519 2663 In
548 2599 612 2665 solo
635 2599 809 2666 Mutinensi
830 2601 942 2685 legitur
966 2604 1090 2684 ἐμπίο
1098 2627 1190 2685 μαι,
1218 2597 1250 2663 in
1272 2596 1332 2661 alio
1354 2602 1433 2660 teste

322 2709 453 2794 Bergkie
473 2718 520 2776 cst
544 2714 766 2800 ἐλπίομαι,
789 2714 880 2798 vulgo
908 2721 943 2780 εἰ
966 2718 1136 2799 πίομαι,
1165 2711 1244 2796 apud
1271 2709 1434 2776 stobaeum

322 2827 393 2894 οὐδ
403 2832 416 2892 ε’
439 2833 482 2910 γε·
501 2837 549 2914 μη
560 2859 588 2898 ν.
613 2827 752 2896 Fortasse
763 2830 839 2895 latet
854 2851 964 2896 nomen
980 2828 1103 2914 aliquod
1112 2827 1275 2913 proprium.
1288 2825 1432 2892 Conieci:

410 2940 604 3029 Ἐλπιδίη,
627 2948 739 3031 πενίης
763 2953 976 3033 θυμοφθόρον
1000 2948 1036 3013 οὐ
1059 2946 1305 3028 petroniae.

322 3053 413 3134 Quod
442 3077 524 3119 nunc
553 3056 643 3140 longe
670 3057 803 3141 praefero
834 3058 917 3136 aliie,
947 3079 1025 3142 quae
1056 3055 1129 3121 olim
1157 3054 1315 3141 placebant
1338 3053 1433 3132 mihi,

321 3171 501 3236 coniecturis
528 3171 612 3236 velut
635 3173 791 3260 ddaccp'
817 3172 972 3259 ἐμῆςτοΙ
996 3172 1120 3256 καίομ’
1138 3175 1234 3257 ἐμῆς
1258 3205 1298 3216 -·
1322 3170 1433 3254 μελε-

324 3285 491 3354 δαίνιον.

367 3398 420 3466 Vs.
447 3403 531 3466 1133
556 3424 619 3487 sq.=

368 3524 517 3599 Κνρνε,
545 3527 724 3602 παροῦσι
745 3519 865 3601 φίλοισι
892 3525 990 3584 κακοῦ
1015 3520 1262 3600 καταπαύσομεν
1285 3515 1403 3601 ἀρχήν,

369 3634 511 3716 ζητῶμεν
535 3633 563 3699 δ’
586 3634 671 3700 ἕλκει
695 3639 845 3717 φάρμακα
868 3634 1027 3719 φνομένορ.

367 3743 403 3808 Ιο
437 3753 615 3833 παροῦσι
649 3746 704 3811 viri
736 3745 815 3810 docti
847 3746 923 3810 alius
954 3744 1037 3811 aliud
1065 3745 1158 3810 latere
1186 3743 1328 3828 suspicati
1352 3749 1434 3807 sunt.

324 3858 403 3925 Mihi
426 3860 581 3926 lenissima
603 3861 771 3927 mutatione
795 3860 986 3926 scribendum
1009 3859 1146 3926 videtur:
1270 3849 1272 3854 ¹

319 4043 322 4050 .
586 3979 719 4064 Κιίρν’,
744 3983 938 4063 ἑτάροισι
966 3975 1086 4058 φίλοισι
1111 3979 1177 4039 κτὲ.

369 4089 416 4155 uf.
441 4113 498 4156 uss.
526 4093 686 4174 95,113,
712 4091 789 4167 529,
816 4089 831 4153 7
838 4091 889 4156 53.
915 4087 1055 4152 Formam
1071 4086 1203 4152 librariis
1218 4085 1318 4152 minus
1333 4085 1437 4169 cogni·

359 4323 380 4382 t)
398 4321 450 4368 Νοο
464 4318 564 4383 spondeo
582 4318 717 4370 ἐπιλείπει
737 4317 793 4366 vitio
806 4331 894 4367 carcre.
919 4317 1007 4380 Nempe
1022 4320 1109 4383 γῆρας
1124 4312 1365 4382 ἐπερχόμενον
1378 4327 1436 4360 non·

324 4413 378 4462 dnm
396 4428 490 4476 prorsus
510 4411 602 4478 deficit,
622 4410 662 4459 sed
680 4410 742 4460 ἀντί
749 4427 764 4478 ρ
771 4427 884 4478 χετοιι.
914 4409 994 4474 Quare
1016 4407 1079 4466 vide,
1098 4423 1126 4454 nc
1144 4415 1211 4469 poeta
1232 4406 1307 4468 potius
1320 4403 1437 4468 scripsisse

323 4506 449 4556 censendus
464 4506 508 4555 sit:
655 4486 662 4510 ¹

503 4599 560 4649 ἀλλ’
577 4601 652 4665 ἥβην
671 4599 770 4666 ἐρατὴν
788 4595 971 4666 ὀλοφύρομαι,
989 4599 1007 4662 η’
1023 4596 1051 4657 μ’
1072 4589 1272 4643 ἀπολείπει.

358 4696 508 4748 Contrarium
529 4709 632 4745 errorem
651 4707 722 4758 snpra
742 4693 854 4756 castigavi
874 4707 926 4756 pag.
944 4694 967 4741 4.
