3270 5374
883 555 924 620 20

348 747 417 832 δὴν
442 750 609 824 καταθείς.
639 743 697 829 (Of.
723 745 857 832 Theogn.
875 747 938 810 595
964 752 996 810 et
1021 748 1123 823 1243,
1147 745 1208 842 Sol.
1233 746 1270 810 ir.
1296 743 1396 823 XIII,
1423 745 1463 806 16

347 881 397 944 ap.
423 858 502 944 th.
527 860 573 924 ed.
599 859 664 946 III)
694 860 775 926 Satis
799 861 880 926 euim
904 866 1022 925 constat
1046 883 1083 924 ex
1105 859 1359 945 inscriptionibus
1383 857 1467 922 codi-

346 975 491 1060 cibusque
519 977 649 1041 vetnstis
673 978 763 1043 moris
785 978 878 1042 luisse
902 977 1045 1057 Graecis,
1069 983 1104 1042 ut
1128 999 1186 1040 non
1217 982 1357 1054 tantum,
1383 973 1465 1058 quod

346 1089 435 1154 hodie
457 1091 583 1155 iacimus
593 1142 602 1172 ‚
621 1093 907 1178 incompositione,
932 1093 983 1157 sed
1001 1092 1092 1158 etiam
1110 1098 1195 1156 extra
1212 1089 1465 1175 compositionem

345 1227 399 1290 pro
423 1205 510 1270 litera
533 1213 588 1284 N,
611 1214 755 1292 sequente
775 1217 809 1276 K
821 1215 864 1275 Τ
886 1213 938 1272 aut
960 1218 1012 1286 X,
1036 1206 1218 1272 scriberetur
1233 1213 1277 1273 Γ.
1301 1203 1466 1269 Neminem

344 1318 439 1404 igitur
469 1321 593 1404 posthac
622 1328 774 1406 repertum
805 1322 844 1386 iri
875 1320 1023 1399 arbitror,
1052 1321 1125 1406 quin
1149 1321 1228 1385 hanc
1250 1319 1339 1384 unice
1362 1341 1466 1383 veram

342 1434 519 1521 scripturam
544 1459 608 1502 essa
638 1437 808 1521 intellegat.
855 1435 936 1500 Leve
964 1443 1063 1501 tamen
1089 1436 1198 1501 vitium
1222 1435 1348 1500 fortasse
1371 1434 1466 1499 corri-

340 1549 473 1634 gendum
500 1556 636 1634 superest
658 1550 691 1615 in
716 1571 803 1614 versu
827 1550 986 1634 sequenti:
1010 1573 1102 1628 nam,
1123 1557 1158 1614 ut
1181 1549 1257 1614 bene
1284 1550 1467 1615 cohaereant

342 1685 401 1727 vss.
428 1667 489 1730 277
515 1687 561 1751 sq.
585 1688 655 1732 oum
680 1687 737 1731 rss.
763 1666 825 1729 278
852 1687 895 1749 sq.
915 1667 962 1750 1),
994 1671 1094 1730 totum
1118 1665 1217 1729 locum
1238 1666 1271 1729 in
1295 1665 1376 1730 hunc
1399 1686 1466 1728 mo-

342 1778 412 1843 dum
439 1780 584 1866 scriptum
611 1781 732 1846 malim:

385 1903 449 1964 τῶν
474 1905 607 1966 πάντων
633 1898 667 1966 δὲ
692 1908 824 1976 κάκιςον
850 1902 885 1965 ἐν
908 1899 1122 1983 ἀνθρώποις,
1148 1907 1298 1966 θανάτου
1323 1925 1356 1963 τι

386 2019 440 2079 καὶ
468 2015 595 2080 πασέων
621 2019 742 2080 νούσων
768 2018 834 2080 ἔστι
859 2018 1097 2096 πονηρότερον,

386 2129 507 2204 παῖδας
533 2133 600 2194 ἐπεὶ
630 2129 770 2214 θρέψαιο
795 2132 850 2192 καὶ
873 2134 996 2212 ἄρμενα
1022 2135 1131 2193 πάντα
1155 2133 1350 2211 παράσχοις,

387 2254 559 2333 χρήματα
584 2245 655 2328 δὴν
680 2247 893 2322 καταθείς,
920 2243 1009 2308 πόλλ’
1032 2247 1151 2329 α’νιηρὰ
1174 2247 1317 2314 παθών,

385 2364 441 2426 τὸν
465 2355 577 2446 πατέρ’
603 2367 638 2426 εἷ
661 2363 867 2446 ’phorineum
892 2363 1098 2445 καταρῶνται
1125 2357 1154 2426 δ’
1177 2357 1381 2435 ἀπολέσθαι,

386 2479 440 2539 καὶ
465 2473 610 2554 ςογίονσ’
633 2475 737 2556 ὥσπερ
762 2478 889 2560 πτωχὸν
916 2478 1135 2562 ἐπερχόμενον.

385 2585 475 2666 Quod
497 2585 534 2650 ad
559 2593 586 2654 εἰ
609 2587 789 2675 ’χθαίροοσι
814 2607 867 2670 pro
892 2591 1083 2672 ἐχθαίρουσι
1107 2586 1231 2665 attinet,
1254 2592 1316 2650 tam
1333 2586 1397 2651 leve
1413 2594 1461 2651 est

341 2700 490 2765 scribendi
515 2701 676 2765 discrimen
701 2722 843 2785 errorque
864 2701 938 2765 adeo
954 2700 1113 2785 proclivis,
1139 2706 1174 2764 ut
1189 2701 1283 2764 nolim
1300 2721 1463 2786 provocare

297 2810 300 2816 ’
340 2815 378 2880 ad
405 2816 515 2881 veteris
540 2817 715 2884 literaturae
747 2839 877 2894 morem,
906 2839 965 2901 qno
990 2816 1072 2882 haud
1096 2839 1162 2881 raro
1188 2816 1397 2902 diphthongus
1420 2831 1467 2888 el

340 2930 524 2995 scribebatur
554 2954 608 3018 per
630 2949 661 3003 Ε.
701 2932 816 2996 Dubito
845 2938 946 2996 tamen
979 2955 1017 2996 an
1050 2931 1173 2996 omniuo
1196 2937 1279 2996 recte
1302 2931 1404 3017 Bergk
1429 2955 1460 3018 p.

342 3045 426 3108 1362
451 3045 533 3111 hune
555 3066 642 3108 usum
667 3066 703 3108 eo
725 3044 929 3124 restrinxerit,
949 3051 984 3109 ut
1006 3044 1164 3129 perhibeat
1181 3044 1264 3125 „Um
1287 3044 1305 3108 1
1324 3045 1461 3110 nativum

341 3166 393 3241 pel
421 3159 636 3246 primigenium
668 3160 724 3240 sit,
759 3158 810 3224 ubi
841 3159 1029 3244 dipthongus
1056 3181 1092 3223 ex
1115 3159 1232 3224 duabus
1256 3159 1461 3244 peculiaribus

342 3274 517 3355 „vocalibus
540 3274 701 3354 coaluerit,
735 3275 828 3338 etiam
853 3282 967 3340 veteres
990 3281 1024 3338 ut
1047 3297 1100 3358 par
1123 3274 1164 3338 sit
1186 3286 1239 3344 ΕΙ
1260 3274 1388 3339 scribere
1411 3297 1460 3338 so·

342 3389 434 3469 plitos
458 3413 539 3473 esse,
566 3390 650 3455 velut
672 3393 926 3477 μεναλοσθένει,
952 3397 1127 3477 ἐκτορειος,
1157 3389 1280 3458 δοιοῖ.”

384 3505 483 3586 Quam
506 3528 569 3570 rem
593 3512 627 3571 ut
652 3506 828 3592 plerumque
851 3503 1002 3570 observari
1025 3506 1058 3569 in
1083 3505 1181 3570 titulis
1205 3505 1269 3570 viro
1286 3505 1460 3571 acutissimo

339 3641 375 3684 eo
397 3620 517 3685 lucilius
541 3621 689 3699 concedo,
713 3621 795 3706 quod
819 3621 893 3686 mihi
916 3621 987 3686 olim
1011 3621 1214 3707 perscrutanti
1238 3642 1347 3706 corpus
1365 3620 1461 3686 Graa-

340 3755 443 3798 carum
458 3733 691 3820 inscriptionum
714 3734 797 3799 idem
822 3742 1008 3821 compertum
1032 3743 1096 3814 est,
1120 3736 1163 3799 ita
1179 3757 1327 3820 nusquam
1347 3735 1385 3800 ab
1403 3736 1461 3801 hac

340 3847 490 3914 scribendi
516 3871 621 3914 norma
652 3850 795 3934 antiquos
827 3849 957 3920 Graecos
989 3850 1152 3916 descivisse
1185 3873 1287 3915 verum
1310 3873 1371 3916 non
1394 3873 1461 3917 esse
1544 3867 1548 3875 '

339 3964 442 4048 arguit
465 3986 493 4031 v.
517 3989 541 4031 o.
566 3966 676 4031 titulus
701 3966 739 4030 71
765 3988 815 4052 ap.
839 3965 1025 4046 Bbchhium,
1049 3971 1190 4045 exaratus
1206 3966 1286 4030 iuter
1302 3965 1352 4030 Ol.
1370 3969 1410 4031 82
1429 3975 1461 4032 et

341 4082 400 4156 83,
416 4079 450 4144 in
473 4100 534 4164 quo
550 4081 696 4166 scriptum
717 4080 833 4166 repperi
850 4088 1071 4170 TAMIGON
1082 4102 1136 4166 pro
1152 4109 1310 4168 ταμιειον.
1337 4081 1383 4149 Of.
1399 4082 1459 4148 N0.

342 4197 381 4261 ⁷6
409 4195 470 4279 (Ol.
497 4197 547 4262 90.
566 4199 599 4281 2)
616 4225 778 4283 προτανες
802 4219 855 4282 pro
872 4181 1064 4284 πριιτανεις,
1080 4197 1111 4263 in
1136 4196 1247 4282 quibus
1272 4202 1351 4262 certe
1374 4219 1464 4264 voea-

341 4377 557 4388 m.

374 4497 399 4557 1)
418 4496 471 4546 Non
490 4497 608 4548 haererem
626 4499 649 4548 iu
667 4498 736 4548 buius
756 4483 1462 4570 Ιοοίὀ1τοοῑοτα(-1στιπονηρότερον-ἐχθαίρω·

341 4596 405 4650 σιν),
426 4589 445 4638 si
468 4590 493 4640 in
519 4593 608 4655 protasi
633 4591 737 4641 additum
762 4592 823 4641 loret
840 4588 917 4642 olda.
953 4591 1111 4643 Nihilominus
1131 4593 1158 4644 εἰ
1177 4589 1341 4662 ’χθαὸρουσι
1364 4611 1462 4660 prorsus

342 4680 496 4734 marmarium
516 4697 564 4732 erse
585 4699 629 4733 non
651 4683 773 4734 contendo.
