3270 5374
851 555 892 619 68

310 743 411 835 planet
417 772 427 828 3
460 743 534 814 mihi
563 767 626 814 non
657 743 798 834 displicet
829 748 909 833 quod
934 747 1064 815 coniecit
1089 747 1209 814 Abrens
1238 722 1438 835 perimere,

256 926 258 930 ,
311 871 435 949 propter
455 864 614 950 sequentia
636 865 727 930 verba
750 866 877 955 ἔρχεται
899 873 929 930 et
954 867 1079 935 iuerat.
1111 865 1174 952 Ipsi
1199 865 1273 931 mihi
1293 864 1328 929 in
1353 887 1438 930 men·

312 985 374 1043 tem
397 985 521 1044 venerat
544 985 714 1066 θηρῶσιν
735 982 772 1068 1).
819 981 999 1048 Tralatieius
1023 1003 1105 1048 error
1127 969 1207 1047 latet
1225 981 1259 1046 in
1284 1000 1369 1067 sqq.:

825 1099 946 1187 ταχέως
970 1099 999 1166 d'
1023 1102 1237 1185 α’ναμίσγεται
1258 1105 1339 1186 ἄτη·

444 1216 524 1303 ἀρχὴ
549 1211 579 1282 d'
601 1215 635 1292 ἐξ
656 1214 769 1295 ὀλίγον
792 1217 941 1298 γίγνεται
965 1215 1044 1282 ὥστε
1068 1222 1168 1300 πυρός
1181 1262 1191 1294 ,

444 1329 608 1412 φλαυρὴ
632 1332 692 1412 μέν
715 1334 751 1395 τὸ
775 1335 925 1414 πρῶτον,
949 1331 1065 1416 αἐειηρὴ
1090 1331 1125 1397 δὲ
1149 1329 1296 1416 τελευτᾷ.

356 1440 437 1504 Nam
467 1443 651 1527 φλαυρός
676 1431 798 1508 Graecis
813 1442 894 1507 idem
919 1450 982 1523 est,
1014 1444 1097 1528 quod
1120 1420 1259 1521 κᾶκός.
1306 1441 1366 1507 Sed
1390 1463 1436 1506 re·

312 1553 443 1650 quiritur
453 1582 475 1639 φ
485 1565 535 1623 ud
545 1556 563 1622 λ
572 1585 605 1643 η,
616 1555 638 1621 i.
652 1578 679 1622 e.
692 1559 955 1637 contemnendum,
970 1558 1229 1625 animadversione
1242 1558 1292 1623 rain
1300 1551 1434 1645 dippum.

354 1669 521 1755 Aliquanto
549 1671 669 1736 maioris
693 1673 839 1738 momenti
862 1680 909 1739 est
931 1673 1100 1739 emendatio
1123 1697 1182 1739 vss.
1211 1678 1252 1739 33
1271 1695 1355 1760 sqq„
1378 1671 1434 1738 ubi

310 1805 409 1850 sermo
433 1792 479 1849 est
502 1785 539 1850 de
562 1794 663 1865 certa,
686 1788 824 1871 quamvis
847 1811 928 1870 sera,
951 1789 1086 1855 numinis
1109 1773 1264 1855 vindicta:

398 1907 516 1990 θνητοὶ
541 1901 572 1968 d'
589 1892 652 1969 dtr
677 1888 809 1990 νὸεῦμεν
832 1893 918 1992 ὁμῶς
941 1908 1068 1988 α’γαθὸς
1092 1912 1320 1983 renuntiare·

399 2022 441 2087 ‘in
468 2019 586 2102 drietn
612 2019 709 2097 αὐτὸς
732 2020 832 2098 δόξαν
857 2023 972 2100 ἕκαςος
995 2025 1079 2110 ἔχει,

399 2136 477 2220 πρίν
501 2160 533 2198 τι
555 2143 698 2201 παθεῖν·
721 2141 788 2201 nri.
823 2145 825 2152 ’

354 2245 406 2310 Ita
436 2245 548 2331 absque
576 2245 688 2312 idoneo
712 2269 804 2312 sensu
827 2248 901 2314 haee
923 2246 1020 2312 edidit
1043 2246 1156 2331 Bergk.
1204 2245 1289 2310 Libri
1311 2243 1433 2309 variant

309 2359 404 2426 inter:
436 2369 478 2430 ἐκ
511 2365 586 2448 δὴν
613 2370 681 2448 ἣν,
706 2370 747 2434 ae·
773 2366 818 2450 δὴ
842 2373 907 2450 ἣν,
931 2363 992 2428 alia
1016 2363 1112 2448 magis
1134 2361 1228 2426 etiam
1249 2359 1430 2447 depravata3

309 2499 384 2563 quae
423 2477 492 2542 vide
527 2476 608 2563 apud
642 2478 754 2563 ipsum.
805 2479 963 2543 Sententia
997 2484 1120 2544 tantum
1155 2498 1216 2541 non
1251 2475 1362 2540 elamat
1398 2474 1432 2539 in

308 2595 544 2658 eKAHNHN
562 2589 658 2654 latare
680 2596 925 2661 eKATNuJN.

510 2707 708 2774 a'udrlnern
732 2711 827 2783 αὐτὸς
852 2708 951 2785 δόξαν
974 2707 1089 2785 iungar
1112 2708 1196 2796 ἕχει,

308 2821 440 2907 effnpere
452 2826 547 2884 semet
558 2819 658 2905 ipsum
677 2819 813 2904 (deorum
829 2819 1007 2905 vindictam)
1022 2821 1229 2908 unusquisque
1243 2843 1358 2908 semper
1373 2842 1431 2906 pu·

308 2942 367 3016 tat,
385 2935 480 3000 donee
497 2955 530 2999 se
547 2935 603 2999 hae
620 2934 764 3021 opinione
779 2935 889 3000 falsum
906 2957 971 3000 esse
985 2936 1149 3022 intellegit.
1174 2935 1224 3000 Ad
1240 2933 1324 3001 verbi
1339 2957 1429 3001 usum

308 3073 448 3139 compara
471 3073 498 3116 v.
524 3049 662 3117 alliud.
688 3050 714 3114 B
738 3053 797 3131 99,
826 3050 931 3137 Eurip.
955 3050 1024 3137 Iph.
1048 3051 1083 3120 Τ.
1109 3053 1194 3136 602,
1220 3050 1325 3139 Suppl.
1352 3055 1429 3118 416.

350 3281 545 3349 Pnournmrs
566 3281 675 3367 fragm.
702 3281 751 3346 X:

439 3401 595 3488 δίζησθαι
618 3401 751 3486 βιοτήν·
775 3400 893 3483 ἀρετὴν
918 3396 959 3475 δ’,
983 3401 1063 3468 ὅταν
1087 3397 1106 3486 ᾗ
1129 3403 1200 3486 βίος
1225 3400 1297 3485 ἤδη.

304 3513 451 3580 imitando
474 3512 617 3601 expressit
640 3511 786 3596 Heratius
808 3511 904 3596 Epist.
930 3512 965 3591 I,
991 3516 1029 3594 1,
1056 3516 1097 3576 54,
1121 3536 1186 3599 sq.:

439 3630 567 3696 Oeives
591 3628 687 3704 eires,
711 3627 882 3713 quaerenda
904 3628 1032 3713 pecunia
1054 3629 1186 3713 primum
1209 3635 1273 3706 est,

437 3745 543 3811 Virtus
565 3750 635 3830 post
656 3745 813 3811 nummosi

345 3859 406 3927 Res
429 3867 476 3925 est
502 3859 577 3926 adeo
609 3838 785 3938 manifesto,
819 3864 853 3924 ut
884 3858 1019 3924 nondum
1054 3860 1195 3945 cuiquam
1231 3859 1423 3926 observatum

252 4051 256 4062 Ι
302 3999 367 4043 esse
401 3977 451 4042 vix
474 3975 595 4042 eredere
618 3975 743 4063 possim.
786 3973 911 4039 Adnoto
932 3981 1050 4053 tamur,
1074 3975 1146 4059 quia
1167 3975 1201 4039 in
1223 3976 1299 4040 meis
1322 3973 1423 4042 Flacci

304 4091 528 4179 exemplaribus
558 4073 638 4156 lihil
668 4090 817 4157 eiusmodi
847 4097 987 4158 notatum
1022 4091 1149 4176 repperi.
1197 4089 1298 4172 Quare
1320 4097 1423 4156 aetum

304 4209 406 4296 agenti
430 4209 472 4273 sit
495 4206 698 4274 electoribus
721 4206 819 4274 venia.

306 4381 499 4390 ...m-...affl

307 4545 310 4550 .
338 4500 361 4560 1)
383 4497 496 4548 Similiter
513 4499 619 4562 Euripidi
637 4515 674 4563 ap.
691 4499 816 4548 Stobaeum
833 4497 908 4556 43,20
925 4513 968 4562 pro
986 4497 1132 4562 τιμώμεθα
1145 4513 1158 4546 a
1172 4500 1283 4562 Berglero
1295 4483 1349 4550 olim
1364 4500 1419 4549 rad·

301 4591 376 4641 ditum
393 4597 427 4654 est
445 4590 617 4662 θηρώμεθα,
643 4593 762 4656 eidemque
780 4610 822 4655 ego
838 4594 929 4641 restitui
947 4595 1079 4662 θηρόμεν
1098 4609 1140 4656 pro
1157 4593 1278 4658 τιμῶμεν
1298 4611 1335 4658 ap.
1352 4595 1420 4645 Stob.

304 4683 391 4746 salo,
412 4700 457 4736 nun
473 4686 622 4752 improbante
639 4685 758 4736 Dindorto
776 4685 804 4736 ad
823 4687 878 4738 itur.
898 4688 927 4740 ir.
949 4688 993 4748 (ed.
1015 4691 1031 4736 V
1053 4690 1120 4741 Seen.
1139 4691 1199 4754 Gn).
