3270 5374
320 585 353 636 ιν
834 599 930 610 .„-...

320 757 461 846 Berptrio
490 759 527 826 in
558 759 699 827 editione
724 757 834 827 tertio.
882 753 1041 823 Indidem
1062 751 1119 819 sod
1137 751 1243 838 mapis
1268 770 1284 817 e
1309 747 1445 816 tectione

317 901 416 988 facite
451 900 598 989 eottipas,
630 899 805 968 nonnullos
831 899 912 965 loaos
933 904 1003 965 tom
1025 893 1175 982 praviter
1201 913 1266 961 esse
1293 891 1442 980 offertos,
1487 927 1491 932 ,

319 1048 357 1108 ut
384 1043 482 1109 certis
508 1035 797 1108 emendationibus
817 1039 937 1126 corripi
963 1057 1029 1104 non
1051 1036 1192 1124 possint,
1212 1035 1304 1121 impe
1332 1041 1443 1101 antem
1486 1077 1488 1084 -

318 1181 492 1268 pauciores
516 1181 567 1247 ita
596 1180 749 1267 pessime,
774 1184 811 1244 nt
838 1197 976 1244 manum
999 1197 1134 1264 prorsus
1157 1174 1321 1242 abstinere
1345 1193 1443 1260 prae-

319 1327 391 1389 stet.
426 1319 468 1386 In
497 1320 610 1407 priore
638 1339 713 1386 aere
734 1339 867 1407 ponere,
895 1316 1068 1384 dnmmodo
1094 1287 1160 1384 non
1184 1279 1339 1382 indamus
1354 1333 1444 1382 uana

319 1468 442 1527 nosmet
469 1461 554 1547 ipsos
577 1460 746 1547 opinione,
776 1459 874 1549 quasi
900 1459 1008 1546 ipsam
1036 1463 1153 1545 poetae
1182 1475 1319 1540 manant
1350 1453 1445 1522 resti-

295 1607 413 1704 .tnere
435 1599 527 1666 nobis
549 1599 736 1686 eontiperit,
756 1597 845 1666 ninii
865 1619 923 1666 nos
947 1604 1036 1665 oetat
1053 1597 1212 1682 —immo
1237 1617 1288 1664 me
1311 1595 1445 1689 quidem

320 1738 429 1806 indiae
445 1759 484 1805 eo
502 1759 553 1806 res
568 1738 613 1806 ad
631 1739 823 1806 interiorem
841 1745 957 1826 poetae
973 1737 1186 1825 oopnitionem
1203 1736 1326 1822 confert
1342 1756 1444 1824 qnam

213 1883 219 1896 “
306 1880 504 1968 plurimum
529 1921 570 1933 -
594 1880 723 1947 intenta
748 1881 865 1948 mentis
889 1881 960 1947 acie
975 1880 1193 1966 inoestipore‚
1212 1878 1294 1969 qaid
1308 1866 1443 1965 permit·

321 2029 407 2090 tento
432 2029 501 2089 tom
526 2020 690 2088 sententia
714 2041 816 2109 qnam
841 2041 905 2086 nsu
929 2019 1095 2087 scribendi
1122 2027 1153 2087 et
1177 2019 1355 2086 literarum
1377 2037 1444 2084 oes-

322 2160 411 2247 tipiis
434 2161 515 2226 dare
538 2159 616 2226 otim
638 2158 791 2248 potuerit.
818 2157 875 2226 Ita
902 2159 992 2226 verbi
1017 2159 1130 2244 pratia
1155 2157 1300 2225 troataoi
1315 2179 1359 2224 us.
1378 2153 1449 2226 9⁶26.

321 2300 482 2368 voeabula
516 2303 716 2387 δουλοσύνην
739 2337 783 2352 -
807 2303 975 2382 τελέαις
1006 2301 1110 2391 (qaod
1131 2302 1261 2387 [mostra
1288 2298 1445 2386 defmdos

325 2442 393 2508 toea
418 2439 593 2517 Hesiodea,
623 2437 738 2527 Theop.
757 2437 836 2522 797)
857 2461 935 2528 pop.
960 2437 998 2507 ot
1027 2441 1078 2527 (of.
1098 2437 1157 2522 36)
1173 2448 1245 2527 post
1259 2441 1359 2509 naria
1375 2449 1444 2507 ten·
1572 2527 1577 2542 .

321 2578 450 2644 tamino
472 2597 656 2665 proponens
688 2578 768 2648 τιν’
789 2583 919 2683 ἔχοις,
955 2581 1059 2670 qnod,
1091 2580 1121 2646 si
1150 2601 1217 2648 non
1240 2588 1288 2648 est
1310 2600 1441 2659 oerum,

320 2697 464 2785 ettamen
508 2717 744 2805 probabilitate
782 2739 848 2786 non
891 2727 999 2801 earet,
1045 2720 1167 2809 qnippe
1202 2741 1265 2809 qno
1301 2693 1443 2788 admisso

319 2856 420 2923 simut
434 2856 566 2924 molesto
587 2857 683 2925 norbo
702 2857 889 2938 liberemur,
905 2859 1007 2926 simui
1022 2878 1039 2926 e
1056 2859 1251 2946 pronomine
1271 2857 1444 2945 indefinito

321 3004 485 3084 appareat
515 3016 581 3063 nan
610 2998 748 3085 proprio
771 2998 818 3065 ibi
847 2998 904 3065 sed
927 2999 1070 3086 [ipnrato
1097 3019 1195 3067 sensu
1218 2999 1445 3087 arripiendam

323 3158 388 3205 esse
414 3136 617 3208 seruitutem.
706 3167 711 3174 ·
857 3123 863 3138 “

365 3275 511 3363 Bompae
542 3280 653 3340 antem
676 3272 856 3361 Theopnidi
877 3274 1031 3341 Fortuna
1049 3276 1213 3363 providit,
1238 3285 1276 3344 nt
1300 3277 1336 3343 in
1358 3277 1444 3344 mui-

321 3416 363 3481 tis
382 3409 466 3482 'toris
497 3413 690 3500 depravatis
718 3413 767 3480 ita
795 3421 905 3481 tamen
938 3414 977 3482 de
1005 3417 1170 3484 sententia
1194 3425 1373 3499 constaret,
1405 3426 1443 3486 nt

319 3573 385 3620 non
407 3574 503 3631 roro,
531 3553 632 3642 idque
658 3553 829 3620 interdum
854 3552 1038 3639 pereaipna
1056 3555 1258 3632 mutatione,
1275 3554 1350 3642 ipsa
1364 3576 1444 3643 poe-

321 3700 374 3760 tae
403 3713 522 3760 monns
549 3693 663 3760 rednoi
690 3698 806 3780 posset.
853 3690 932 3758 Post
960 3691 1085 3758 mattas
1115 3693 1258 3760 otiorum
1289 3713 1387 3760 ouras
1414 3702 1444 3762 et

320 3831 404 3898 mitri
430 3830 584 3897 nonnitiii
613 3832 648 3897 in
676 3831 734 3898 troo
755 3851 872 3917 ponere
900 3832 1064 3916 apendnm
1089 3833 1275 3919 superabat.
1322 3831 1445 3901 Ceteris

321 3971 355 4037 in
393 3970 484 4049 loeis,
521 3991 662 4059 qnorum
694 3971 805 4036 minas
835 3977 925 4037 oerta
953 3971 1118 4037 restitutio
1149 3979 1238 4050 erat,
1267 3971 1330 4057 feei
1357 3971 1445 4061 quod

319 4112 415 4198 potui
447 4112 574 4188 sedato,
610 4132 668 4179 neo
698 4113 763 4180 tevi
795 4151 832 4160 -
855 4111 914 4177 tooo
936 4131 1040 4178 unum
1067 4111 1207 4198 spondeo
1237 4151 1276 4164 —
1299 4112 1443 4179 constitit
1511 4188 1513 4192 .

322 4270 361 4317 ea
387 4250 472 4317 mitri
491 4272 591 4338 opero
614 4251 732 4318 mentis
754 4252 874 4318 tadone.
922 4249 994 4316 Non
1018 4271 1097 4318 raro
1118 4251 1210 4353 'Boni
1231 4251 1346 4318 'eomioi
1369 4273 1441 4354 oer-

323 4391 370 4456 tis
394 4391 440 4457 sio
467 4411 611 4458 meeum:

456 4532 606 4621 deeeptus
627 4553 718 4611 snm,
743 4540 780 4599 at
803 4552 869 4599 non
893 4531 1087 4618 defetipatns
1118 4567 1155 4580 -·

455 4669 513 4741 nn
537 4692 601 4739 non
623 4674 786 4753 surressit,
815 4673 886 4740 aiio
910 4671 1103 4740 tentandum
1128 4677 1173 4739 est
1198 4671 1271 4752 oia,
