3270 5374
850 567 889 634 66

355 731 393 823 P.
421 758 557 834 31,1a.
585 754 633 821 cf.
656 757 777 845 aynau
800 760 839 824 n.
870 761 954 842 nn,
982 763 1013 827 a.

354 871 387 935 P.
416 874 467 937 33.
491 871 557 937 Iam
581 872 726 959 Hartung
744 874 793 962 ἥτ’
819 879 967 964 ἔτρεφεν,
985 877 1066 962 quod
1086 901 1153 944 sero
1172 879 1384 947 animadverti.

352 986 389 1050 P.
417 989 474 1065 34,
499 988 531 1051 8.
558 986 618 1052 Pro
646 989 848 1074 ''perfidiam”
870 990 997 1056 fortasse
1022 992 1129 1057 melius
1152 995 1321 1088 posuissem
1347 995 1428 1076 „dif-

310 1098 501 1167 fidentiam”
955 1126 959 1142 ’

354 1218 390 1284 P.
416 1219 477 1297 36,
502 1220 554 1282 20.
579 1220 689 1305 ἐχέμεν
715 1238 775 1281 uon
802 1217 901 1282 iuerat
922 1217 1160 1286 sollicitandum.

354 1330 390 1395 P.
415 1333 474 1412 39,
507 1334 558 1396 19.
592 1331 845 1419 Ἐπενφραίνειε
876 1331 1014 1416 quamvis
1047 1333 1143 1398 lexica
1173 1332 1334 1418 ignorent,
1358 1334 1433 1399 satis
1510 1355 1513 1362 ⁴

174 1506 177 1515 .
310 1447 367 1511 hoc
389 1447 590 1532 compositum
612 1453 738 1512 tuentur
762 1446 850 1511 verba
872 1447 984 1511 similia
1009 1451 1210 1535 ἐπιτέρπειε,
1237 1453 1431 1538 ἐπιχαίρειν,

309 1566 324 1628 ἒ
363 1563 500 1629 ’δεσθαι.

326 1589 389 1740 wi‘.
427 1677 489 1752 48,
514 1676 565 1743 17.
588 1675 661 1740 Non
685 1675 763 1740 mule
786 1683 887 1742 tamen
916 1673 1075 1742 Hermann
1100 1679 1158 1744 οὐκ
1181 1685 1225 1745 ἄν
1249 1698 1306 1762 pru
1328 1684 1431 1754 οὔτις.

300 1785 356 1855 uf.
381 1793 456 1857 727.

352 1904 387 1969 P⁴
413 1906 469 1984 44,
499 1907 530 1970 3.
554 1903 702 1991 Displicet
725 1903 880 1970 Welckcri
901 1906 1046 1969 correctio
1066 1916 1121 1989 τῆς
1137 1913 1342 1992 αῖειμνήςης,
1360 1904 1434 1990 quia

306 2020 338 2085 id
373 2020 572 2108 adiectivum,
603 2041 665 2084 non
697 2041 783 2085 secus
811 2043 847 2084 ac
866 2021 1065 2085 vernaculum
1088 2021 1237 2109 tccaqclijlc
1264 2040 1431 2105 numquam

306 2136 432 2221 ponitur
454 2135 487 2200 in
512 2135 619 2200 malam
643 2142 771 2220 partem.
799 2133 914 2230 Contra
938 2135 1035 2219 (αἰὲν)
1059 2136 1182 2214 ‹ii-agon
1206 2155 1372 2218 numquam
1396 2134 1431 2198 iu

302 2252 417 2319 *nonam
440 2251 597 2338 accipitur.
1027 2223 1037 2255 ⁴

321 2399 329 2422 ι
349 2365 385 2431 Ρ.
409 2367 472 2444 46,
496 2366 527 2430 8.
551 2369 704 2452 Δαμῆναί
730 2393 797 2434 τινε
822 2371 882 2429 esa:
903 2363 1031 2451 interfici
1051 2362 1090 2426 ab
1113 2362 1225 2450 aliqua.

350 2481 386 2548 P.
411 2483 472 2561 50,
498 2483 551 2547 19.
572 2479 660 2546 Adde
683 2478 792 2563 Eurip.
816 2478 913 2564 Hipp.
943 2481 1036 2543 1391.
