3270 5374
482 1499 556 1573 AD
594 1497 995 1572 THEOGNIDEM.

227 1907 279 1972 Vs.
303 1909 323 1972 3
347 1931 408 1994 sq.:

293 2026 364 2092 ἀλλ’
379 2031 441 2094 oriri
465 2033 593 2113 πρῶτόν
617 2051 650 2093 σε
675 2031 729 2092 καὶ
754 2029 874 2103 ὕςατον
900 2029 935 2094 ἕν
961 2054 994 2093 τε
1016 2026 1160 2110 μέσοισιν

293 2143 397 2206 ἀείσω.

227 2251 324 2316 Cobet
358 2253 434 2316 hanc
464 2251 575 2316 Futuri
605 2253 732 2318 formam
763 2254 897 2338 antiquis
928 2252 1107 2318 abiudicans
1140 2255 1299 2340 proposuit

182 2374 316 2453 ὑμνήσω.
362 2367 476 2431 Lenius
508 2389 579 2432 sane
606 2366 707 2451 Bergk
730 2368 817 2431 malit
840 2371 955 2445 otrico,
981 2366 1083 2430 eadem
1107 2390 1180 2432 usus
1204 2368 1299 2433 medi-

183 2482 268 2560 cina,
299 2503 359 2566 que
389 2481 525 2566 Elmsley
555 2504 658 2546 curare
684 2481 782 2546 voluit
805 2482 905 2548 locum
930 2482 1087 2568 Euripidis
1111 2483 1201 2550 Herc.
1225 2483 1298 2550 Pur.

183 2599 246 2660 680
272 2602 319 2664 ἔτι
343 2603 402 2664 τὰν
427 2600 631 2684 Ἡρακλέους
656 2599 846 2666 καλλίνικον
872 2602 1004 2666 ἀείσω.
1047 2598 1192 2679 Quamvis
1217 2607 1299 2664 ntro·

181 2733 241 2796 qne
274 2711 340 2776 loco
375 2713 521 2778 Praesens
544 2714 614 2778 ferri
637 2736 725 2798 posse
757 2714 817 2778 non
850 2705 1054 2798 negaverim,¹
1071 2714 1171 2798 paullo
1194 2715 1298 2799 aptius

181 2835 284 2892 tamen
315 2827 433 2893 videtur
463 2828 623 2893 Futurum.
669 2827 741 2892 Non
770 2829 858 2892 aliter
889 2851 936 2892 res
967 2851 999 2892 se
1033 2828 1125 2893 habet
1147 2829 1180 2893 in
1205 2831 1298 2895 veteri

182 2965 270 3007 versu
292 2941 442 3029 Orphico,
466 2943 519 3026 qui
537 2943 648 3008 iniuria
664 2943 852 3029 Pythagorae
869 2943 1015 3008 tribuitur
1031 2943 1117 3029 apud
1134 2943 1299 3012 Stobaenm

181 3057 261 3125 Flor.
283 3057 376 3136 XLI,
401 3059 438 3122 9:

300 3178 424 3241 deloco
446 3177 684 3255 ξυνετοῖσι,
710 3182 812 3260 θύρας
834 3175 1022 3243 δ’ἐπίθεσθε
1046 3176 1192 3263 βέβηλοι,

183 3284 237 3350 ubi
252 3286 343 3351 lectio
358 3288 553 3352 confirmatur
568 3289 663 3354 altero
675 3288 729 3354 illo
743 3289 904 3370 versiculo,
921 3291 984 3355 sive
996 3290 1176 3374 scripturam
1189 3288 1299 3352 mavis:

215 3405 436 3488 φθέγξομαι
460 3402 516 3480 οἷς
541 3406 652 3489 θέμις
675 3409 770 3478 ἐστι,
795 3413 897 3490 θύρας
921 3405 1109 3472 δ’ἐπίθεσθε
1132 3405 1278 3492 βέβηλοι.

230 3516 271 3579 nt
298 3521 421 3585 αἐίσω
443 3517 534 3582 habet
556 3526 618 3582 tam
640 3518 773 3583 incertus
797 3525 902 3583 auctor
927 3517 1008 3603 apud
1032 3517 1196 3583 Stobaeum
1220 3517 1299 3583 Flor.

185 3629 224 3710 V,
250 3635 290 3697 72
314 3654 402 3717 quam
426 3631 609 3698 Plutarchus
632 3631 733 3717 Symp.
758 3631 793 3696 II
818 3637 847 3711 3,
873 3636 947 3698 522.
977 3631 1083 3712 Solus,
1109 3639 1145 3696 nt
1172 3631 1300 3710 videtur,

186 3745 378 3811 Gaudentius
401 3747 434 3812 in
458 3747 602 3832 Isagoges
626 3746 826 3812 Harmonicae
849 3747 937 3811 initio
960 3749 1057 3815 ἀείδω
1080 3747 1204 3812 exhibet
1224 3755 1302 3812 teste

186 3859 355 3940 Lobeckio,
380 3861 429 3925 cui
446 3855 500 3926 bos
516 3861 596 3926 locos
613 3860 727 3938 debeo,
749 3862 782 3927 in
806 3861 1082 3947 Aglaophamo
1105 3886 1136 3949 p.
1156 3867 1221 3928 452
1237 3885 1301 3949 sqq.

189 3975 273 4041 Haec
289 3978 412 4042 tametsi
427 4001 489 4042 non
505 3977 620 4043 tollunt
636 3977 873 4056 dubitationem,
892 3985 927 4042 nt
939 3979 1020 4044 cauti
1037 3979 1145 4059 simus,
1163 3979 1303 4046 suadent.

232 4093 283 4160 Vs.
311 4099 369 4162 22:
394 4089 456 4162 ὧδε
482 4096 515 4161 δὲ
539 4105 602 4170 πᾶς
623 4122 686 4170 τις
712 4101 808 4179 ἐρεῖ.
846 4093 953 4158 Lectio
977 4095 1189 4180 plerorumque
1212 4094 1305 4159 libro·

188 4232 272 4274 rum:
297 4200 359 4278 ὧδε
383 4213 417 4277 δὲ
442 4219 504 4287 πᾶς
529 4211 608 4292 ἐρέει
633 4208 675 4291 (in
701 4207 881 4292 quibusdam
905 4216 951 4273 est
972 4218 1040 4288 πῶς
1061 4212 1160 4293 ἐρέει,
1187 4209 1220 4274 in
1245 4231 1306 4274 uno

188 4333 266 4402 παῖς
277 4385 278 4392 ,
289 4327 381 4410 ἐρέει)
403 4322 629 4388 commendatur
647 4324 855 4407 antiquiorum
872 4335 1045 4410 poetarum,
1071 4337 1134 4405 πᾶς
1151 4354 1202 4403 τις
1220 4324 1308 4410 igno·

191 4440 342 4519 nantium,
374 4437 605 4504 consuetudine.
652 4437 845 4522 Optimornm
877 4447 977 4505 tamen
1010 4440 1149 4506 codicum
1177 4440 1309 4525 scriptu·

191 4578 254 4620 ram
277 4557 376 4619 firmat
398 4555 463 4640 ipse
484 4554 647 4638 Theognis
661 4577 703 4619 vs.
730 4557 811 4620 621:
836 4567 915 4634 πᾶς
940 4586 1004 4634 τις
1027 4559 1182 4628 πλούσιον
1202 4559 1308 4643 ἄνδρα

193 4676 254 4739 τίει
278 4679 360 4752 κτὰ,
383 4670 494 4756 quihus
519 4669 616 4735 verbis
639 4669 742 4736 nullus
764 4693 846 4737 error
870 4670 994 4739 subesse
1017 4673 1120 4758 possit.

1156 4791 1175 4856 l
