3270 5374
736 598 775 660 47

197 785 376 870 Ignoramus
399 784 496 864 enim,
521 808 559 849 an
589 785 776 849 substantivo
799 787 870 871 δοίη
894 783 1002 848 Graeci
1027 773 1074 848 usi
1097 783 1160 848 sint
1180 789 1311 868 praeter·

197 922 286 984 quam
310 901 341 965 in
362 901 514 964 locutione
531 899 692 964 adverbiali
717 904 750 968 ἐν
774 900 856 988 δοίῃ.
903 897 1016 962 Attulit
1041 897 1086 962 vir
1117 897 1311 962 doctissimus

197 1013 298 1077 locum
323 1011 460 1076 Platonis
484 1011 565 1078 Orat.
588 1035 616 1097 p.
643 1014 705 1076 395
732 1013 774 1076 D.

243 1126 310 1190 Hoc
330 1127 411 1205 loeo,
433 1133 591 1212 antequam
614 1127 727 1191 iterum
750 1127 904 1211 perlegam
925 1124 1065 1210 reliquias
1085 1120 1310 1208 Theognideas,
1407 1187 1409 1192 .

196 1239 306 1304 addere
332 1262 425 1325 pauca
444 1239 529 1304 lubet
553 1241 589 1305 de
610 1263 676 1304 mea
696 1240 805 1305 codicis
826 1240 1011 1306 Mutinensis
1027 1237 1206 1316 collatione,
1223 1259 1312 1323 quam

194 1355 348 1440 integram
369 1377 518 1440 apponere
541 1361 610 1441 post
628 1377 692 1420 earn
711 1376 799 1439 quam
821 1353 988 1440 publicavit
1007 1375 1063 1419 van
1086 1353 1139 1418 der
1165 1352 1254 1438 May,
1281 1375 1311 1437 p.

197 1472 344 1548 58-71,
366 1470 436 1554 quia
459 1469 540 1534 omni
570 1477 651 1534 caret
671 1469 823 1547 utilitate,
844 1491 906 1534 non
924 1469 1036 1534 notabo
1065 1469 1125 1532 nisi
1154 1468 1314 1532 minimum

193 1584 336 1669 quodque
356 1583 532 1661 discrimen,
550 1583 632 1669 quod
654 1583 734 1648 inter
754 1590 913 1667 utramque
944 1581 1138 1648 collationem
1163 1602 1233 1646 esse
1251 1581 1316 1645 ani·

194 1700 391 1765 madvertam.
418 1700 573 1764 Praeterea
598 1722 662 1764 eam
679 1707 794 1784 partem
811 1699 939 1776 codicis,
957 1721 1046 1784 quam
1071 1696 1155 1762 illius
1178 1697 1316 1761 collatio·

195 1815 245 1880 nis
266 1821 373 1879 auctor
394 1836 455 1878 non
480 1814 627 1893 contulit,
649 1837 686 1878 ex
709 1837 774 1878 mea
798 1814 956 1878 collatione
976 1811 1221 1897 repraesentabo.

241 1927 345 1992 Codex
359 1928 455 2012 igitur
470 1928 671 2007 Mutinensis,
696 1933 844 2012 quantum
860 1949 876 1990 e
892 1927 1038 2011 scriptura
1054 1925 1195 2010 colligere
1211 1925 1314 2010 potui,

195 2050 338 2107 exaratus
363 2052 409 2107 est
437 2043 538 2106 seculo
570 2043 668 2121 Xm0‚
701 2041 797 2106 literis
820 2039 1068 2106 subrubicundis.
1112 2038 1199 2104 Inter
1222 2039 1314 2102 lineas

196 2164 245 2222 est
270 2149 366 2221 tersio
393 2157 503 2222 Latina
525 2157 622 2222 literis
647 2157 817 2242 conscripta
846 2155 1018 2240 perexiguis
1056 2153 1197 2219 Gothicis
1227 2177 1244 2218 a
1270 2175 1313 2218 vs.

197 2273 328 2337 1-—276
351 2278 383 2336 et
408 2272 516 2338 deinde
543 2295 561 2336 a
588 2295 630 2338 vs.
656 2270 885 2337 1231-1237,
932 2269 1178 2334 Membranaceus
1205 2275 1252 2332 est
1283 2268 1315 2332 in

194 2395 305 2472 quarto
325 2387 448 2452 minore.
496 2385 582 2466 Quae
602 2392 754 2472 praeterea
774 2385 871 2450 codex
893 2385 1049 2450 contineat
1071 2383 1140 2448 vide
1159 2383 1238 2468 apud
1258 2405 1314 2448 van

195 2501 251 2565 der
276 2501 363 2586 Moy,
386 2525 414 2587 p.
441 2507 458 2566 2
482 2501 514 2565 in
538 2507 619 2564 nota.

195 2613 253 2679 V's.
302 2617 342 2678 24
366 2619 530 2684 ἀστοῖσιν
553 2614 583 2681 δ’
607 2620 694 2682 οὔπω
718 2611 762 2678 Μ.
786 2617 909 2681 ἀστοῖσι
933 2614 963 2682 d'
987 2619 1074 2682 οὔπω
1098 2613 1137 2680 Η.
1156 2613 1183 2697 l)

220 2771 237 2811 p
299 2733 338 2794 26
363 2735 515 2802 πάντεσσί
538 2767 581 2778 --
599 2733 730 2819 carpor
745 2727 785 2793 Η.

220 2886 238 2926 p
299 2846 340 2908 34
362 2847 486 2915 dedere
513 2843 554 2909 Η.

221 3001 238 3040 p
298 2962 338 3023 35
361 2961 419 3029 ἄπ’
444 2959 486 3024 Η.

221 3115 239 3155 p
300 3078 340 3138 55
365 3079 558 3162 κατεταῖβον
582 3070 652 3157 (sie)
674 3069 714 3136 H.

220 3230 238 3274 ll
301 3192 337 3255 57
365 3190 554 3275 πολυπαιδη
582 3186 622 3252 Η.
647 3193 679 3250 et
701 3185 745 3249 εἷο
769 3188 821 3251 61.

220 3344 238 3384 p
301 3305 341 3366 89
365 3301 510 3371 ducatrici
536 3301 569 3385 (i.
594 3324 619 3366 e.
643 3303 824 3386 ἀποειπὼν)
849 3298 890 3363 H.

221 3459 239 3498 p
280 3420 341 3480 119
365 3427 501 3507 depereo
508 3466 517 3496 ,
541 3415 744 3501 suprascripto
767 3413 898 3501 difficilis
920 3412 961 3478 H.

221 3573 239 3612 p
279 3535 340 3596 121
366 3533 650 3619 νόοσ-λελήθη
670 3529 712 3596 Η.

200 3686 240 3724 ,μ
281 3645 339 3710 121
366 3652 497 3733 ἐσὼριον
521 3645 562 3712 Η.

222 3801 240 3841 ,Ι
279 3761 342 3826 132
365 3763 479 3829 ἔπλετο
504 3762 554 3828 οἶσ
577 3761 617 3826 H.

222 3916 239 3955 ῃ
280 3875 342 3938 139
365 3904 409 3944 τω
431 3913 473 3922 -·
497 3874 537 3939 Η.

222 4031 240 4070 p
287 3989 335 4055 Ib.
358 3996 435 4058 ὅσσα
460 3990 609 4078 dil-proto
634 3987 678 4052 Μ.
701 3993 780 4056 ὅσσα
802 3990 953 4075 θὲληισιν
978 3986 1019 4053 Η.

182 4135 184 4142 ’
222 4145 239 4184 p
281 4105 343 4168 144
367 4112 499 4193 θνητῶν
523 4105 564 4170 Η.

465 4238 484 4270 ω
695 4236 714 4268 ω

222 4329 240 4368 p
284 4293 341 4354 152
366 4301 505 4374 depereo
530 4289 574 4354 M.
598 4298 755 4374 θεμενον,
782 4285 905 4352 rubrum
928 4291 974 4350 est
995 4313 1020 4352 ω
1040 4284 1081 4351 H.

236 4607 259 4665 l)
280 4602 314 4652 M
328 4603 432 4666 designat
451 4602 611 4663 collationem,
629 4616 698 4665 quam
725 4613 770 4650 vair
796 4603 837 4652 dar
857 4604 909 4668 May
928 4603 1067 4668 publicavit,
1086 4599 1112 4650 B
1131 4601 1298 4652 Bekkeriaoam

63 4717 71 4728 ·
194 4699 334 4751 umam.
