3270 5374
832 575 872 642 12

299 757 409 828 elarius
433 767 584 829 testantur
606 763 670 830 eius
695 764 801 832 verba:
826 772 905 854 ᾤετο
930 771 991 850 γὰρ
1015 771 1088 835 οὔτε
1113 772 1292 853 ἄνθρωπον
1317 770 1412 833 οὔτε

301 885 381 946 τῶν
408 880 548 949 ἄλλων
577 883 700 950 οὐδέν
728 891 771 951 ἂν
795 885 925 963 dyadis
950 879 1047 961 εἶναι,
1072 885 1107 947 εἷ
1128 887 1176 964 μὴ
1200 886 1247 948 τὰ
1271 888 1414 963 γεννή-

300 1017 428 1061 σαντα
451 997 590 1076 dyada
615 979 679 1082 ε’έρ
703 1006 764 1064 art.
789 996 992 1080 'Panduntque
1016 995 1119 1060 eodem
1140 993 1230 1059 verba
1246 994 1415 1059 Horatiana

300 1105 359 1171 Od.
383 1107 439 1174 IV.
463 1111 501 1172 d:
526 1121 569 1174 eet
591 1110 624 1173 ιἰι
645 1111 786 1188 iuuencis,
812 1122 855 1177 est
876 1110 908 1174 ι’νι
931 1111 1012 1197 equis
1029 1121 1157 1196 panum
1179 1109 1271 1172 σι’νοιιο
1292 1120 1358 1173 cett.

345 1221 397 1288 Vs.
426 1227 486 1290 227
513 1247 595 1311 eqq.:

389 1340 543 1408 Πλούτου
567 1343 597 1408 d'
617 1343 711 1410 οὐδέν
736 1343 835 1424 τέρμα
858 1342 1063 1425 πεφασμένον
1088 1343 1326 1427 ἀνθρώποισιν·

389 1459 421 1519 οἳ
444 1460 503 1540 γὰρ
529 1466 587 1522 νῦν
611 1463 700 1542 ήμῶν
724 1456 854 1532 πλεῒςον
880 1458 987 1540 έχουσι
1012 1459 1099 1542 βίον,

390 1569 560 1636 διπλάσιον
585 1573 766 1637 σπεύδουσι·
791 1574 840 1647 τίς
862 1577 906 1638 ἂν
931 1572 1088 1654 κορέσειεν
1112 1573 1324 1648 dunarum
1350 1575 1415 1636 ιιτέ.

346 1681 383 1745 In
408 1682 454 1745 luis
478 1682 596 1747 Solonis
620 1681 773 1762 versibus,
805 1683 915 1768 quint
939 1683 1030 1748 huius
1054 1682 1240 1769 aliorumque
1260 1689 1416 1767 poetarum

301 1795 444 1880 permulti
478 1797 648 1862 intermixti
682 1798 827 1883 leguntur
858 1798 892 1862 in
921 1797 1116 1882 Theognidea
1147 1796 1314 1881 farragine,
1351 1797 1417 1860 iure

300 1911 436 1975 homines
461 1911 564 1976 doetos
585 1911 712 1976 offendit
727 1935 817 1976 sensu
833 1934 959 1977 vacuum
976 1912 1049 1976 illud
1074 1916 1278 1990 ἅπαντας.
1302 1910 1416 1975 Verum

301 2048 397 2111 neque
428 2029 633 2114 πένητας,
670 2027 751 2110 quod
783 2027 920 2105 dhaene,¹
952 2048 1064 2111 neque,
1095 2025 1177 2110 quod
1207 2026 1316 2090 leniter
1346 2048 1418 2090 sane

301 2137 463 2203 Doederlin
491 2139 637 2218 eonieoit,
672 2144 801 2224 κορέσει’
825 2144 899 2210 ’ἕνα
923 2151 1091 2218 πάντας
1115 2141 1287 2205 sententiae
1310 2163 1419 2205 eonve-

300 2254 366 2317 nire
397 2255 551 2339 propalam
582 2261 634 2319 est.
685 2255 750 2338 Ego
782 2279 842 2320 non
875 2255 980 2320 dubito
1013 2257 1087 2343 quin
1117 2258 1149 2322 in
1174 2263 1423 2327 AHANTAG

301 2369 397 2434 lateat
429 2378 730 2443 AHAHCTOYG:
765 2376 814 2447 τίς
845 2377 887 2437 ἂν
912 2373 1069 2457 κορέσειεν
1094 2373 1332 2455 α’πλήςονς,·
1354 2372 1421 2458 quis

300 2488 425 2551 satiabit
447 2487 654 2555 imatiobilea?
677 2490 752 2553 Mox
775 2510 818 2553 vs.
844 2490 906 2552 232
931 2508 984 2572 pro
1009 2487 1276 2570 τειρομένοις
1299 2485 1421 2568 egregie

301 2605 448 2688 τισομέ
459 2631 533 2690 νην
558 2603 670 2668 habent
696 2603 766 2667 libri
788 2602 909 2667 Stobaei
925 2603 1002 2666 Flor.
1022 2601 1069 2666 IX
1087 2606 1145 2678 25,
1170 2623 1269 2685 neque
1286 2599 1420 2665 indidem

301 2717 495 2801 praeferenda
529 2740 589 2783 non
625 2725 671 2783 est
705 2719 854 2804 scriptura
893 2720 1037 2805 ἡμέων,
1065 2737 1137 2780 num
1166 2716 1417 2793 διπλασίως,

301 2829 418 2898 dubito.
465 2831 612 2898 Consulto
629 2834 768 2919 pleraque
787 2834 964 2898 immutasse
980 2830 1242 2917 Theognideorum
1260 2831 1419 2895 concinna·

301 2952 395 3010 torem
429 2969 489 3012 non
525 2948 614 3036 oredo
649 2948 797 3032 Bergkio;
829 2949 855 3012 si
889 2947 1024 3024 fecisset,
1056 2946 1146 3030 longe
1181 2946 1285 3030 plura,
1311 2946 1418 3025 oredo,

301 3069 464 3140 mutasset,
495 3070 528 3127 ut
552 3063 746 3148 aliquatenus
772 3071 852 3128 certe
878 3061 1076 3130 frauslatere
1100 3066 1208 3143 posset.
1254 3059 1295 3123 Et
1320 3089 1419 3144 τειρο-

300 3180 410 3262 μένοις
434 3178 556 3263 quidem
580 3201 672 3262 aeque
695 3180 832 3264 ineptum
857 3187 903 3242 est
925 3199 1015 3262 quam
1038 3183 1141 3259 aptum
1166 3177 1350 3264 τισομένηνι

346 3293 400 3360 Vs.
426 3296 489 3361 235
516 3317 558 3380 sq.
581 3294 733 3359 lenissima
756 3294 928 3358 mutatione
951 3293 995 3356 sio
1018 3297 1144 3377 possunt
1167 3290 1303 3355 rest'tui:

345 3412 440 3478 οὐδέν
464 3413 526 3476 έτι
548 3412 622 3495 πρέ
631 3438 697 3477 πει
718 3402 738 3493 ἦ
746 3437 829 3492 μιν,
852 3408 903 3474 ἅτ’
929 3409 1064 3493 (indebat
1088 3408 1324 3490 σωζομένοισιν,

346 3525 434 3591 dtt'
454 3531 529 3593 door
553 3534 662 3613 πάγχυ
686 3525 795 3601 πόλει,
820 3533 937 3608 Κύρνε,
963 3523 1159 3606 ἁλωσομένῃ.

302 3641 377 3705 nibil
402 3640 433 3723 (i.
459 3662 474 3702 e
498 3641 698 3725 nequaquam)
724 3639 854 3724 amplisu
877 3661 930 3701 noe
952 3638 1058 3701 deberat
1080 3657 1158 3722 qnae
1183 3633 1319 3718 (decent)
1343 3634 1421 3696 uiros

303 3757 414 3833 saluos,
450 3756 503 3819 sed
531 3763 724 3840 quaeeunque
757 3753 890 3839 (decent)
921 3753 1039 3830 urbem,
1075 3749 1186 3836 Cyrno,
1229 3771 1307 3835 quae
1337 3748 1422 3812 baud

304 3871 391 3934 dubie
421 3870 646 3956 eupaapnabitur.
694 3868 890 3953 Reliquorum
918 3867 1103 3931 coniecturas
1133 3864 1202 3928 vide
1224 3863 1306 3948 apud
1331 3863 1421 3945 Berg-

305 3985 399 4048 kium.
424 3983 610 4047 Mutinensis
633 3982 724 4047 habeb
747 3985 970 4068 ἐπιτρέπει
993 3992 1092 4067 ἡμῖν
1117 3981 1178 4047 ἅτ’
1195 3985 1226 4042 eb
1248 3979 1333 4045 ἀλλ’
1351 3983 1419 4054 ὥς,

214 4163 216 4168 .
305 4107 402 4166 uetera
425 4099 524 4184 plane,
550 4105 583 4161 ut
607 4121 663 4182 ego
687 4096 800 4180 scripsi.
827 4096 961 4161 Verbum
985 4097 1157 4179 ἁλίσιομαι
1182 4092 1321 4157 habuisse
1347 4089 1419 4155 olim

306 4215 456 4299 digamma
486 4233 574 4275 nemo
603 4211 663 4275 iam
696 4210 824 4275 dubitat.
873 4210 952 4274 Vide
983 4232 1010 4274 v.
1039 4232 1063 4273 ο.
1090 4207 1179 4273 lliad.
1208 4207 1256 4270 IX
1283 4207 1346 4268 592
1371 4203 1419 4268 ed.

305 4328 433 4393 Beklrer.
481 4325 581 4406 Quare
612 4324 690 4389 nihil
721 4334 766 4388 est
797 4324 876 4411 quod
909 4326 939 4389 in
972 4324 1075 4389 eodioe
1104 4331 1208 4409 Κύρνε
1233 4320 1420 4405 ἁλωσομένη

307 4444 452 4528 seriptum
476 4449 592 4506 exstare
617 4441 767 4505 miremur.

351 4557 405 4622 Vs.
431 4559 492 4622 237
518 4578 582 4642 sqq.
606 4562 655 4622 ool
678 4563 737 4641 μέν
761 4558 824 4638 ἐγὼ
847 4553 937 4636 πτέρ’
956 4557 1060 4621 &dona
1085 4560 1149 4620 κτὲ.

356 4671 443 4738 Licet
465 4678 496 4735 et
518 4692 574 4756 ego
599 4669 734 4734 dubitem
758 4691 825 4734 oum
851 4666 1056 4751 Bernhardyo‚
1081 4666 1129 4731 oui
1145 4686 1287 4730 assensus
1302 4670 1347 4728 est
1361 4685 1421 4727 van
