3270 5374
687 577 728 638 35

152 755 207 822 Of.
241 755 352 840 Hymn.
382 756 415 820 in
451 755 525 822 Ven.
560 760 620 822 108
651 760 761 845 aliique
790 763 868 841 loci,
898 784 973 846 quos
1001 762 1123 826 Passovi
1147 763 1265 828 lexicon

153 868 373 954 suppeditabit.
421 871 584 957 Aliquanto
611 896 680 938 sane
703 875 802 940 lenius
825 877 936 961 possis:

376 989 559 1072 ἀνθρώπων
584 997 712 1073 θαῦμα
737 991 972 1078 χαμαιγενέων,

153 1103 192 1160 ut
215 1117 385 1180 expressum
408 1097 447 1163 sit
470 1096 663 1164 Homericum
695 1111 805 1184 θαῦμα
834 1108 986 1189 βροτοῖσι.
1030 1100 1141 1165 Nescio
1165 1108 1266 1165 tamen

151 1235 193 1274 an
217 1209 294 1275 nihil
317 1210 493 1276 mutandum
513 1213 568 1289 sit,
587 1213 639 1276 sed
663 1217 754 1300 δεῖμα
772 1216 960 1281 referendum
985 1238 1044 1280 non
1062 1214 1099 1280 ad
1115 1221 1267 1304 οὐρανός,

152 1348 259 1390 verurn
282 1325 319 1390 ad
344 1326 509 1391 universam
533 1328 715 1393 sententiam
747 1330 993 1415 praecedentem,
1018 1330 1080 1396 soil.
1115 1337 1149 1398 νό
1175 1336 1268 1416 ἐμπε-

152 1451 223 1508 σεῖν
239 1446 301 1509 Δτόν
318 1445 469 1526 οὐρανόν,
487 1441 523 1506 όο
546 1464 606 1526 qno
627 1443 745 1510 dicendi
769 1444 978 1528 scribendique
1003 1467 1083 1509 more
1106 1452 1178 1509 nota
1194 1451 1267 1509 suut

151 1554 268 1618 omnia.
293 1554 323 1618 N
326 1577 376 1620 um
393 1562 546 1641 tantopere
563 1558 750 1637 mirandum,
766 1559 904 1625 homines
921 1566 1027 1643 poetae
1039 1560 1193 1644 aequales,
1208 1581 1266 1643 qua

150 1676 244 1732 erant
274 1668 469 1754 simplicitate
492 1671 660 1754 primaeva,
693 1684 786 1736 terrae
814 1671 946 1736 motibus
969 1672 1090 1736 diluviis
1115 1672 1267 1757 gravibus·

150 1804 215 1866 que
249 1757 477 1866 tempestatibus
501 1785 672 1869 perterritos
696 1784 824 1851 subinde
857 1786 1009 1864 timuisse,
1041 1809 1079 1851 ne
1102 1799 1185 1852 terra
1206 1786 1267 1872 iqui

150 1897 336 1977 misceretur5
346 1897 467 1984 fruetus
480 1899 656 1966 illaberetur
671 1900 762 1978 orbis,
785 1900 912 1966 sublime
928 1900 1005 1966 illud
1022 1900 1168 1979 candens,
1186 1900 1268 1984 quod

151 2012 281 2077 Homeri
304 2011 342 2077 ad
369 2013 539 2097 exemplum
563 2036 690 2080 aeneum
712 2028 800 2098 poeta
826 2023 928 2094 vocat,
961 2016 1124 2080 interram
1149 2016 1269 2080 descen-

151 2126 260 2205 deret‚
283 2127 468 2213 rediretque,
492 2150 552 2193 non
574 2131 815 2214 procerandum
829 2130 985 2214 Pyrrhae,
1009 2129 1061 2193 sed
1085 2130 1175 2193 chaos
1193 2131 1269 2194 anti·

150 2263 269 2326 quum,
291 2241 371 2326 qnod
395 2242 454 2307 fuit
477 2250 530 2306 aut
553 2265 613 2306 non
636 2243 697 2308 fuit
719 2251 791 2307 ente
814 2243 1040 2308 fabricationem
1066 2244 1195 2308 mundi?

199 2355 316 2422 Contra
337 2356 440 2442 procul
464 2355 556 2422 dubio
580 2358 644 2421 iure
666 2363 824 2422 tententur
845 2358 919 2422 baec
944 2381 987 2422 rs.
1012 2361 1074 2421 865
1099 2380 1182 2442 sqq.:

290 2472 420 2547 πολλοῖς
444 2479 604 2559 α’χρῄςοισι
629 2479 703 2549 θεὸς
728 2474 812 2540 δίδοι
836 2475 992 2558 artetur
1017 2475 1113 2560 ὄλβον

291 2586 425 2665 ἐσθλόν,
448 2591 483 2663 ὃς
506 2586 572 2654 οὔτ’
595 2588 681 2672 αὐτῷ
705 2588 854 2674 βέλτερος
878 2589 1000 2656 οὐδὲν
1022 2594 1099 2655 ἐών

289 2705 360 2766 οὔτε
385 2702 508 2783 φίλοις·
534 2708 600 2768 art.

199 2817 281 2897 Apte
303 2813 402 2898 Bergk
425 2821 517 2882 οὔτε
545 2817 669 2894 πόλει,
706 2814 789 2897 qnod
813 2823 912 2894 tamen
938 2839 954 2880 a
978 2815 1091 2879 tradita
1116 2816 1267 2899 scriptura

151 2928 288 2994 nimium
311 2927 413 2994 distat.
437 2928 549 2994 Lenius
573 2929 653 2992 enim
678 2929 791 3014 possis:

289 3049 322 3119 ός
346 3042 414 3111 οὔτ’
436 3045 523 3129 αὐτῷ
550 3046 699 3132 petreque
722 3051 816 3113 odra
841 3048 927 3126 γένει
953 3045 1027 3128 (sive
1051 3044 1171 3131 γόνῳ)

290 3162 361 3224 οὔτε
387 3158 510 3242 φίλοις·
535 3166 599 3226 art.

201 3269 432 3336 Substantivnm
468 3279 560 3354 γόνος
589 3271 741 3338 interdurn
765 3272 920 3338 collective
951 3274 1024 3358 poni
1048 3273 1152 3338 eodem
1181 3293 1271 3336 sensu
1300 3285 1308 3296 '

153 3405 218 3468 qno
242 3387 333 3466 γένος
356 3386 458 3450 notius
482 3394 547 3464 est,
569 3408 658 3471 quam
680 3385 761 3470 quod
786 3387 930 3471 exemplis
947 3387 1169 3464 demonstrem,
1194 3407 1270 3470 quae

153 3499 294 3583 cupienti
316 3500 443 3584 quodvis
465 3499 584 3566 lexicon
609 3499 828 3585 suppeditabit.

204 3611 317 3676 Verum
346 3635 415 3698 prae
445 3615 549 3678 ceteris
572 3613 712 3680 omnibus
743 3615 872 3680 leuitate
898 3638 929 3680 se
953 3615 1175 3683 commendabit
1199 3615 1270 3678 haec

155 3725 327 3812 corrigendi
350 3727 442 3796 ratio:

248 3931 254 3944 ι
327 3882 369 3892 -—
391 3849 407 3910 ό
431 3844 461 3910 κ’
485 3842 552 3911 οὔτ’
573 3846 659 3930 αὐτῷ
681 3846 829 3932 βέλτερος
849 3848 974 3915 οὐδὲν
999 3850 1060 3913 ὲόι

336 3965 407 4026 οὔτε
431 3960 553 4041 φίλοις·
579 3966 643 4026 art.

156 4068 208 4133 Ad
234 4069 352 4134 articuli
377 4093 462 4135 nsum
486 4094 539 4158 pro
563 4073 686 4137 relativo
711 4072 745 4138 cf.
770 4071 861 4137 lliad.
887 4077 922 4139 A.
946 4075 1018 4139 388.

203 4183 340 4249 Nimium
356 4185 527 4250 Mutinensi
539 4186 616 4251 libro
629 4187 729 4271 Bergk
745 4186 890 4253 tribuisse
907 4188 982 4253 mibi
1000 4187 1122 4254 videtur
1134 4210 1176 4255 vs.
1191 4191 1284 4252 aean

291 4308 473 4389 θωρηχθεὶς
499 4299 527 4368 d'
546 4308 631 4370 ἔσεαι
657 4303 776 4371 πολλόν
802 4303 1116 4390 ἐλαφροτέρους,

157 4411 212 4476 ubi
227 4411 388 4479 deteriores
407 4415 520 4499 optime
537 4415 610 4482 dant
633 4419 902 4504 ἐλαφρότερος.
934 4416 1029 4497 Quis,
1055 4425 1089 4483 nt
1118 4417 1174 4482 hoo
1191 4424 1274 4494 utar,

156 4526 254 4592 sicubi
285 4529 477 4612 permittente
501 4539 596 4596 metro
620 4530 802 4598 scriberetur
835 4535 921 4600 ἔσεαι
948 4534 1070 4602 πολλόν
1099 4540 1274 4620 ῥᾳόνως,

158 4664 222 4707 non
245 4645 349 4710 statim
369 4646 415 4710 vel
440 4647 505 4711 sine
521 4647 674 4713 codicibus
691 4649 855 4734 corrigeret
877 4645 1015 4739 ῥ’φωνί
1049 4647 1088 4712 In
1112 4647 1158 4712 his
1178 4648 1278 4713 minu·

1092 4761 1139 4832 3*
