<?xml version="1.0" encoding="UTF-8"?>
<!DOCTYPE html PUBLIC "-//W3C//DTD XHTML 1.0 Transitional//EN"
    "http://www.w3.org/TR/xhtml1/DTD/xhtml1-transitional.dtd">
<html xmlns="http://www.w3.org/1999/xhtml" xml:lang="en" lang="en">
 <head>
  <title>
</title>
<meta http-equiv="Content-Type" content="text/html;charset=utf-8" />
  <meta name='ocr-system' content='tesseract 3.04.00' />
  <meta name='ocr-capabilities' content='ocr_page ocr_carea ocr_par ocr_line ocrx_word'/>
</head>
<body>
  <div class='ocr_page' id='page_1' title='image "./animadversiones00herwgoog_0012.png"; bbox 0 0 3270 5374; ppageno 0'>
   <div class='ocr_carea' id='block_1_1' title="bbox 571 573 1294 634">
    <p class='ocr_par' dir='ltr' id='par_1_1' title="bbox 571 573 1294 634">
     <span class='ocr_line' id='line_1_1' title="bbox 571 573 1294 634; baseline -0.008 6"><span class='ocrx_word' id='word_1_1' title='bbox 571 573 574 584; x_wconf 83' lang='lat'>&#39;</span> <span class='ocrx_word' id='word_1_2' title='bbox 686 603 783 614; x_wconf 81' lang='lat'><em>---</em></span> <span class='ocrx_word' id='word_1_3' title='bbox 1274 583 1294 634; x_wconf 79' lang='lat' dir='ltr'>v</span> 
     </span>
    </p>
   </div>
   <div class='ocr_carea' id='block_1_2' title="bbox 171 758 1288 853">
    <p class='ocr_par' dir='ltr' id='par_1_2' title="bbox 171 758 1288 853">
     <span class='ocr_line' id='line_1_2' title="bbox 171 758 1288 853; baseline -0.009 -19"><span class='ocrx_word' id='word_1_4' title='bbox 171 783 229 834; x_wconf 86' lang='lat' dir='ltr'><em>neo</em></span> <span class='ocrx_word' id='word_1_5' title='bbox 252 764 356 852; x_wconf 82' lang='lat' dir='ltr'><em>defait</em></span> <span class='ocrx_word' id='word_1_6' title='bbox 371 763 455 832; x_wconf 88' lang='lat' dir='ltr'><em>mili</em></span> <span class='ocrx_word' id='word_1_7' title='bbox 467 784 507 833; x_wconf 90' lang='lat' dir='ltr'><em>ea</em></span> <span class='ocrx_word' id='word_1_8' title='bbox 518 765 554 832; x_wconf 88' lang='lat' dir='ltr'><em>in</em></span> <span class='ocrx_word' id='word_1_9' title='bbox 569 763 796 853; x_wconf 72' lang='lat' dir='ltr'><em>inoestioando</em></span> <span class='ocrx_word' id='word_1_10' title='bbox 808 760 1078 851; x_wconf 82' lang='lat' dir='ltr'><em>perseverantia,</em></span> <span class='ocrx_word' id='word_1_11' title='bbox 1097 779 1166 851; x_wconf 81' lang='lat' dir='ltr'><em>qna</em></span> <span class='ocrx_word' id='word_1_12' title='bbox 1180 758 1230 848; x_wconf 83' lang='lat' dir='ltr'><em>fit,</em></span> <span class='ocrx_word' id='word_1_13' title='bbox 1249 763 1288 825; x_wconf 89' lang='lat' dir='ltr'><em>nl</em></span> 
     </span>
    </p>
   </div>
   <div class='ocr_carea' id='block_1_3' title="bbox 84 899 1367 4634">
    <p class='ocr_par' dir='ltr' id='par_1_3' title="bbox 84 899 1298 2692">
     <span class='ocr_line' id='line_1_3' title="bbox 172 899 1294 993; baseline -0.006 -20"><span class='ocrx_word' id='word_1_14' title='bbox 172 907 225 973; x_wconf 85' lang='lat' dir='ltr'><em>nel</em></span> <span class='ocrx_word' id='word_1_15' title='bbox 248 906 283 972; x_wconf 91' lang='lat' dir='ltr'><em>in</em></span> <span class='ocrx_word' id='word_1_16' title='bbox 308 905 519 974; x_wconf 83' lang='lat' dir='ltr'><em>conclamatis</em></span> <span class='ocrx_word' id='word_1_17' title='bbox 538 925 647 993; x_wconf 82' lang='lat' dir='ltr'><em>paene</em></span> <span class='ocrx_word' id='word_1_18' title='bbox 670 905 747 973; x_wconf 86' lang='lat' dir='ltr'><em>loeis</em></span> <span class='ocrx_word' id='word_1_19' title='bbox 772 905 945 992; x_wconf 81' lang='lat' dir='ltr'><em>insperata</em></span> <span class='ocrx_word' id='word_1_20' title='bbox 968 901 1137 970; x_wconf 86' lang='lat' dir='ltr'><em>interlnm</em></span> <span class='ocrx_word' id='word_1_21' title='bbox 1154 901 1214 968; x_wconf 86' lang='lat' dir='ltr'><em>lan</em></span> <span class='ocrx_word' id='word_1_22' title='bbox 1230 899 1294 966; x_wconf 89' lang='lat' dir='ltr'><em>ori·</em></span> 
     </span>
     <span class='ocr_line' id='line_1_4' title="bbox 174 1043 1293 1135; baseline -0.004 -23"><span class='ocrx_word' id='word_1_23' title='bbox 174 1047 246 1112; x_wconf 78' lang='lat' dir='ltr'><em>liris</em></span> <span class='ocrx_word' id='word_1_24' title='bbox 262 1044 432 1134; x_wconf 63' lang='lat' dir='ltr'><em>affnneot.</em></span> <span class='ocrx_word' id='word_1_25' title='bbox 480 1045 524 1114; x_wconf 91' lang='lat' dir='ltr'><em>ln</em></span> <span class='ocrx_word' id='word_1_26' title='bbox 549 1053 622 1113; x_wconf 88' lang='lat' dir='ltr'><em>arte</em></span> <span class='ocrx_word' id='word_1_27' title='bbox 638 1052 749 1112; x_wconf 88' lang='lat' dir='ltr'><em>antem</em></span> <span class='ocrx_word' id='word_1_28' title='bbox 764 1044 983 1132; x_wconf 72' lang='lat' dir='ltr'><em>difficillima,</em></span> <span class='ocrx_word' id='word_1_29' title='bbox 1007 1063 1093 1135; x_wconf 81' lang='lat' dir='ltr'><em>qnae</em></span> <span class='ocrx_word' id='word_1_30' title='bbox 1103 1050 1180 1110; x_wconf 86' lang='lat' dir='ltr'><em>¹tata</em></span> <span class='ocrx_word' id='word_1_31' title='bbox 1195 1050 1242 1110; x_wconf 91' lang='lat' dir='ltr'><em>est</em></span> <span class='ocrx_word' id='word_1_32' title='bbox 1257 1043 1293 1108; x_wconf 92' lang='lat' dir='ltr'><em>in</em></span> 
     </span>
     <span class='ocr_line' id='line_1_5' title="bbox 171 1177 1293 1267; baseline -0.009 -13"><span class='ocrx_word' id='word_1_33' title='bbox 171 1186 349 1254; x_wconf 79' lang='lat' dir='ltr'><em>indicando</em></span> <span class='ocrx_word' id='word_1_34' title='bbox 376 1195 407 1255; x_wconf 90' lang='lat' dir='ltr'><em>el</em></span> <span class='ocrx_word' id='word_1_35' title='bbox 430 1177 641 1267; x_wconf 82' lang='lat' dir='ltr'><em>inveniendo,</em></span> <span class='ocrx_word' id='word_1_36' title='bbox 665 1187 695 1253; x_wconf 84' lang='lat' dir='ltr'><em>si</em></span> <span class='ocrx_word' id='word_1_37' title='bbox 717 1205 918 1253; x_wconf 80' lang='lat' dir='ltr'><em>commanem</em></span> <span class='ocrx_word' id='word_1_38' title='bbox 932 1190 1053 1251; x_wconf 87' lang='lat' dir='ltr'><em>sortem</em></span> <span class='ocrx_word' id='word_1_39' title='bbox 1068 1180 1122 1247; x_wconf 77' lang='lat' dir='ltr'><em>laio</em></span> <span class='ocrx_word' id='word_1_40' title='bbox 1137 1178 1209 1247; x_wconf 89' lang='lat' dir='ltr'><em>illie</em></span> <span class='ocrx_word' id='word_1_41' title='bbox 1227 1197 1293 1246; x_wconf 91' lang='lat' dir='ltr'><em>non</em></span> 
     </span>
     <span class='ocr_line' id='line_1_6' title="bbox 84 1320 1293 1418; baseline -0.008 -21"><span class='ocrx_word' id='word_1_42' title='bbox 84 1367 88 1376; x_wconf 94' lang='lat'>·</span> <span class='ocrx_word' id='word_1_43' title='bbox 173 1328 290 1417; x_wconf 58' lang='lat' dir='ltr'><em>effari,</em></span> <span class='ocrx_word' id='word_1_44' title='bbox 313 1330 357 1395; x_wconf 90' lang='lat' dir='ltr'><em>sit</em></span> <span class='ocrx_word' id='word_1_45' title='bbox 382 1328 466 1396; x_wconf 81' lang='lat' dir='ltr'><em>milei</em></span> <span class='ocrx_word' id='word_1_46' title='bbox 489 1329 530 1396; x_wconf 84' lang='lat' dir='ltr'><em>al</em></span> <span class='ocrx_word' id='word_1_47' title='bbox 553 1349 657 1418; x_wconf 83' lang='lat' dir='ltr'><em>aeqno</em></span> <span class='ocrx_word' id='word_1_48' title='bbox 681 1329 799 1395; x_wconf 81' lang='lat' dir='ltr'><em>lectore</em></span> <span class='ocrx_word' id='word_1_49' title='bbox 822 1324 932 1394; x_wconf 87' lang='lat' dir='ltr'><em>nenia.</em></span> <span class='ocrx_word' id='word_1_50' title='bbox 976 1323 1034 1391; x_wconf 88' lang='lat' dir='ltr'><em>Ita</em></span> <span class='ocrx_word' id='word_1_51' title='bbox 1058 1345 1088 1391; x_wconf 87' lang='lat' dir='ltr'><em>a.</em></span> <span class='ocrx_word' id='word_1_52' title='bbox 1113 1344 1139 1390; x_wconf 88' lang='lat' dir='ltr'><em>e.</em></span> <span class='ocrx_word' id='word_1_53' title='bbox 1160 1320 1293 1411; x_wconf 81' lang='lat' dir='ltr'><em>aliqnial</em></span> 
     </span>
     <span class='ocr_line' id='line_1_7' title="bbox 173 1453 1295 1555; baseline -0.002 -23"><span class='ocrx_word' id='word_1_54' title='bbox 173 1453 316 1533; x_wconf 86' lang='lat' dir='ltr'><em>lamani</em></span> <span class='ocrx_word' id='word_1_55' title='bbox 335 1466 420 1534; x_wconf 86' lang='lat' dir='ltr'><em>mili</em></span> <span class='ocrx_word' id='word_1_56' title='bbox 443 1466 562 1534; x_wconf 76' lang='lat' dir='ltr'><em>oomlit</em></span> <span class='ocrx_word' id='word_1_57' title='bbox 578 1488 657 1555; x_wconf 74' lang='lat' dir='ltr'><em>pay.</em></span> <span class='ocrx_word' id='word_1_58' title='bbox 670 1465 730 1546; x_wconf 71' lang='lat'>025,</span> <span class='ocrx_word' id='word_1_59' title='bbox 751 1465 809 1532; x_wconf 84' lang='lat' dir='ltr'><em>nli</em></span> <span class='ocrx_word' id='word_1_60' title='bbox 824 1464 1030 1533; x_wconf 85' lang='lat' dir='ltr'><em>oon-ieetnrae</em></span> <span class='ocrx_word' id='word_1_61' title='bbox 1046 1483 1139 1530; x_wconf 90' lang='lat' dir='ltr'><em>meae</em></span> <span class='ocrx_word' id='word_1_62' title='bbox 1154 1471 1174 1548; x_wconf 81' lang='grc' dir='ltr'><em>ἤ</em></span> <span class='ocrx_word' id='word_1_63' title='bbox 1190 1465 1295 1530; x_wconf 84' lang='grc' dir='ltr'>’ποτε-</span> 
     </span>
     <span class='ocr_line' id='line_1_8' title="bbox 172 1603 1296 1710; baseline -0.006 -35"><span class='ocrx_word' id='word_1_64' title='bbox 172 1610 234 1676; x_wconf 74' lang='lat' dir='ltr'><em>atr</em></span> <span class='ocrx_word' id='word_1_65' title='bbox 256 1607 361 1675; x_wconf 85' lang='lat' dir='ltr'><em>obstat</em></span> <span class='ocrx_word' id='word_1_66' title='bbox 385 1608 530 1676; x_wconf 85' lang='lat' dir='ltr'><em>elisionis</em></span> <span class='ocrx_word' id='word_1_67' title='bbox 540 1627 641 1695; x_wconf 70' lang='lat' dir='ltr'><em>aenas</em></span> <span class='ocrx_word' id='word_1_68' title='bbox 653 1607 689 1686; x_wconf 81' lang='lat' dir='ltr'><em>in</em></span> <span class='ocrx_word' id='word_1_69' title='bbox 706 1605 764 1674; x_wconf 85' lang='lat' dir='ltr'><em>loo</em></span> <span class='ocrx_word' id='word_1_70' title='bbox 775 1613 874 1710; x_wconf 80' lang='lat' dir='ltr'><em>poeto</em></span> <span class='ocrx_word' id='word_1_71' title='bbox 890 1604 984 1672; x_wconf 89' lang='lat' dir='ltr'><em>nnllo</em></span> <span class='ocrx_word' id='word_1_72' title='bbox 993 1611 1094 1692; x_wconf 82' lang='lat' dir='ltr'><em>paeto</em></span> <span class='ocrx_word' id='word_1_73' title='bbox 1110 1603 1296 1690; x_wconf 76' lang='lat' dir='ltr'><em>ferendum.</em></span> 
     </span>
     <span class='ocr_line' id='line_1_9' title="bbox 174 1745 1298 1837; baseline -0.003 -23"><span class='ocrx_word' id='word_1_74' title='bbox 174 1747 292 1816; x_wconf 86' lang='lat' dir='ltr'><em>Melias</em></span> <span class='ocrx_word' id='word_1_75' title='bbox 319 1770 388 1817; x_wconf 88' lang='lat' dir='ltr'><em>rem</em></span> <span class='ocrx_word' id='word_1_76' title='bbox 413 1750 593 1837; x_wconf 70' lang='lat' dir='ltr'><em>misissem,</em></span> <span class='ocrx_word' id='word_1_77' title='bbox 620 1751 650 1816; x_wconf 92' lang='lat' dir='ltr'><em>si</em></span> <span class='ocrx_word' id='word_1_78' title='bbox 675 1749 832 1815; x_wconf 88' lang='lat' dir='ltr'><em>iamlam</em></span> <span class='ocrx_word' id='word_1_79' title='bbox 851 1745 1105 1825; x_wconf 72' lang='lat' dir='ltr'><em>intellexissem,</em></span> <span class='ocrx_word' id='word_1_80' title='bbox 1130 1745 1218 1834; x_wconf 85' lang='lat' dir='ltr'><em>qnod</em></span> <span class='ocrx_word' id='word_1_81' title='bbox 1241 1745 1298 1811; x_wconf 79' lang='lat' dir='ltr'><em>lio-</em></span> 
     </span>
     <span class='ocr_line' id='line_1_10' title="bbox 172 1853 1297 1974; baseline -0.002 -18"><span class='ocrx_word' id='word_1_82' title='bbox 172 1888 279 1956; x_wconf 81' lang='lat' dir='ltr'><em>rlie-</em></span> <span class='ocrx_word' id='word_1_83' title='bbox 291 1909 370 1956; x_wconf 93' lang='lat' dir='ltr'><em>nom</em></span> <span class='ocrx_word' id='word_1_84' title='bbox 384 1888 452 1955; x_wconf 85' lang='lat' dir='ltr'><em>dies</em></span> <span class='ocrx_word' id='word_1_85' title='bbox 465 1887 550 1955; x_wconf 83' lang='lat' dir='ltr'><em>diem</em></span> <span class='ocrx_word' id='word_1_86' title='bbox 567 1886 656 1955; x_wconf 82' lang='lat' dir='ltr'><em>docet</em></span> <span class='ocrx_word' id='word_1_87' title='bbox 671 1923 710 1936; x_wconf 91' lang='lat'><em>-·</em></span> <span class='ocrx_word' id='word_1_88' title='bbox 727 1869 897 1974; x_wconf 65' lang='lat' dir='ltr'><em>intellegjo,</em></span> <span class='ocrx_word' id='word_1_89' title='bbox 915 1885 1016 1954; x_wconf 83' lang='lat' dir='ltr'><em>aerbo</em></span> <span class='ocrx_word' id='word_1_90' title='bbox 1028 1895 1049 1972; x_wconf 72' lang='grc' dir='ltr'><em>ἡ·</em></span> <span class='ocrx_word' id='word_1_91' title='bbox 1063 1891 1100 1954; x_wconf 80' lang='grc' dir='ltr'><em>τὰ</em></span> <span class='ocrx_word' id='word_1_92' title='bbox 1113 1853 1297 1956; x_wconf 68' lang='lat' dir='ltr'><em>sostenen</em></span> 
     </span>
     <span class='ocr_line' id='line_1_11' title="bbox 173 1991 1295 2126; baseline 0 -32"><span class='ocrx_word' id='word_1_93' title='bbox 173 2035 331 2116; x_wconf 80' lang='lat' dir='ltr'><em>oorrnpla</em></span> <span class='ocrx_word' id='word_1_94' title='bbox 354 2049 435 2109; x_wconf 87' lang='lat' dir='ltr'><em>esse,</em></span> <span class='ocrx_word' id='word_1_95' title='bbox 458 1991 516 2097; x_wconf 79' lang='lat' dir='ltr'><em>sel</em></span> <span class='ocrx_word' id='word_1_96' title='bbox 537 2030 672 2118; x_wconf 82' lang='lat' dir='ltr'><em>sprrrio,</em></span> <span class='ocrx_word' id='word_1_97' title='bbox 696 2031 764 2098; x_wconf 85' lang='lat' dir='ltr'><em>siae</em></span> <span class='ocrx_word' id='word_1_98' title='bbox 787 2030 827 2098; x_wconf 84' lang='lat' dir='ltr'><em>ab</em></span> <span class='ocrx_word' id='word_1_99' title='bbox 843 2030 1026 2126; x_wconf 70' lang='lat' dir='ltr'><em>interprete</em></span> <span class='ocrx_word' id='word_1_100' title='bbox 1050 2028 1119 2096; x_wconf 86' lang='lat' dir='ltr'><em>sint</em></span> <span class='ocrx_word' id='word_1_101' title='bbox 1131 2029 1295 2117; x_wconf 81' lang='lat' dir='ltr'><em>proserta,</em></span> 
     </span>
     <span class='ocr_line' id='line_1_12' title="bbox 169 2164 1291 2262; baseline 0.004 -31"><span class='ocrx_word' id='word_1_102' title='bbox 169 2164 219 2232; x_wconf 89' lang='lat' dir='ltr'><em>ita</em></span> <span class='ocrx_word' id='word_1_103' title='bbox 242 2172 280 2232; x_wconf 86' lang='lat' dir='ltr'><em>nt</em></span> <span class='ocrx_word' id='word_1_104' title='bbox 305 2166 452 2254; x_wconf 72' lang='lat' dir='ltr'><em>qennina</em></span> <span class='ocrx_word' id='word_1_105' title='bbox 480 2168 698 2248; x_wconf 85' lang='lat' dir='ltr'><em>entrnserint,</em></span> <span class='ocrx_word' id='word_1_106' title='bbox 721 2168 790 2235; x_wconf 84' lang='lat' dir='ltr'><em>sine</em></span> <span class='ocrx_word' id='word_1_107' title='bbox 813 2176 1051 2262; x_wconf 79' lang='lat' dir='ltr'><em>anormalam,</em></span> <span class='ocrx_word' id='word_1_108' title='bbox 1078 2165 1222 2238; x_wconf 84' lang='lat' dir='ltr'><em>retorem</em></span> <span class='ocrx_word' id='word_1_109' title='bbox 1240 2169 1291 2236; x_wconf 90' lang='lat' dir='ltr'><em>la-</em></span> 
     </span>
     <span class='ocr_line' id='line_1_13' title="bbox 171 2306 1296 2394; baseline 0.004 -22"><span class='ocrx_word' id='word_1_110' title='bbox 171 2325 291 2372; x_wconf 83' lang='lat' dir='ltr'><em>mnam</em></span> <span class='ocrx_word' id='word_1_111' title='bbox 315 2306 542 2390; x_wconf 74' lang='lat' dir='ltr'><em>inselioisnma</em></span> <span class='ocrx_word' id='word_1_112' title='bbox 568 2308 755 2376; x_wconf 83' lang='lat' dir='ltr'><em>coniectare</em></span> <span class='ocrx_word' id='word_1_113' title='bbox 786 2310 944 2394; x_wconf 82' lang='lat' dir='ltr'><em>enplenti.</em></span> <span class='ocrx_word' id='word_1_114' title='bbox 990 2309 1079 2378; x_wconf 86' lang='lat' dir='ltr'><em>Dnoe</em></span> <span class='ocrx_word' id='word_1_115' title='bbox 1106 2309 1296 2389; x_wconf 85' lang='lat' dir='ltr'><em>sententia,</em></span> 
     </span>
     <span class='ocr_line' id='line_1_14' title="bbox 173 2446 848 2535; baseline 0.006 -23"><span class='ocrx_word' id='word_1_116' title='bbox 173 2446 213 2512; x_wconf 87' lang='lat' dir='ltr'><em>olo</em></span> <span class='ocrx_word' id='word_1_117' title='bbox 236 2467 304 2534; x_wconf 82' lang='lat' dir='ltr'><em>qna</em></span> <span class='ocrx_word' id='word_1_118' title='bbox 326 2447 411 2512; x_wconf 86' lang='lat' dir='ltr'><em>salis</em></span> <span class='ocrx_word' id='word_1_119' title='bbox 433 2454 576 2530; x_wconf 84' lang='lat' dir='ltr'><em>constat,</em></span> <span class='ocrx_word' id='word_1_120' title='bbox 601 2447 670 2514; x_wconf 91' lang='lat' dir='ltr'><em>iam</em></span> <span class='ocrx_word' id='word_1_121' title='bbox 692 2449 848 2535; x_wconf 81' lang='lat' dir='ltr'><em>snppleo:</em></span> 
     </span>
     <span class='ocr_line' id='line_1_15' title="bbox 350 2585 1053 2692; baseline 0 -39"><span class='ocrx_word' id='word_1_122' title='bbox 350 2587 470 2654; x_wconf 73' lang='lat' dir='ltr'><em>tortor</em></span> <span class='ocrx_word' id='word_1_123' title='bbox 495 2585 525 2654; x_wconf 78' lang='grc' dir='ltr'><em>δ’</em></span> <span class='ocrx_word' id='word_1_124' title='bbox 541 2587 676 2692; x_wconf 53' lang='lat' dir='ltr'><em>{Erilis</em></span> <span class='ocrx_word' id='word_1_125' title='bbox 701 2588 799 2657; x_wconf 76' lang='grc' dir='ltr'><em>λώιον</em></span> <span class='ocrx_word' id='word_1_126' title='bbox 822 2594 857 2674; x_wconf 77' lang='grc' dir='ltr'><em>ἠὲ</em></span> <span class='ocrx_word' id='word_1_127' title='bbox 884 2592 1053 2677; x_wconf 68' lang='lat' dir='ltr'><em>novato.</em></span> 
     </span>
    </p>

    <p class='ocr_par' dir='ltr' id='par_1_4' title="bbox 167 2724 1367 4634">
     <span class='ocr_line' id='line_1_16' title="bbox 216 2724 1294 2817; baseline 0.002 -25"><span class='ocrx_word' id='word_1_128' title='bbox 216 2725 303 2793; x_wconf 88' lang='lat' dir='ltr'><em>Nom</em></span> <span class='ocrx_word' id='word_1_129' title='bbox 323 2725 404 2794; x_wconf 83' lang='lat' dir='ltr'><em>laec</em></span> <span class='ocrx_word' id='word_1_130' title='bbox 422 2726 564 2817; x_wconf 82' lang='lat' dir='ltr'><em>antiqno</em></span> <span class='ocrx_word' id='word_1_131' title='bbox 587 2724 714 2794; x_wconf 85' lang='lat' dir='ltr'><em>Aoristi</em></span> <span class='ocrx_word' id='word_1_132' title='bbox 727 2729 836 2815; x_wconf 80' lang='lat' dir='ltr'><em>forma</em></span> <span class='ocrx_word' id='word_1_133' title='bbox 853 2735 915 2809; x_wconf 90' lang='lat' dir='ltr'><em>est,</em></span> <span class='ocrx_word' id='word_1_134' title='bbox 933 2749 999 2796; x_wconf 94' lang='lat' dir='ltr'><em>non</em></span> <span class='ocrx_word' id='word_1_135' title='bbox 1020 2749 1106 2816; x_wconf 82' lang='lat' dir='ltr'><em>qnae</em></span> <span class='ocrx_word' id='word_1_136' title='bbox 1126 2727 1160 2794; x_wconf 91' lang='lat' dir='ltr'><em>in</em></span> <span class='ocrx_word' id='word_1_137' title='bbox 1179 2726 1294 2796; x_wconf 85' lang='lat' dir='ltr'><em>eadem</em></span> 
     </span>
     <span class='ocr_line' id='line_1_17' title="bbox 167 2865 1296 2954; baseline -0.001 -22"><span class='ocrx_word' id='word_1_138' title='bbox 167 2865 312 2953; x_wconf 70' lang='lat' dir='ltr'><em>noaino,</em></span> <span class='ocrx_word' id='word_1_139' title='bbox 345 2866 414 2934; x_wconf 86' lang='lat' dir='ltr'><em>siae</em></span> <span class='ocrx_word' id='word_1_140' title='bbox 444 2888 621 2954; x_wconf 82' lang='lat' dir='ltr'><em>operarnm</em></span> <span class='ocrx_word' id='word_1_141' title='bbox 654 2867 753 2954; x_wconf 82' lang='lat' dir='ltr'><em>calpa</em></span> <span class='ocrx_word' id='word_1_142' title='bbox 780 2869 848 2935; x_wconf 86' lang='lat' dir='ltr'><em>siae</em></span> <span class='ocrx_word' id='word_1_143' title='bbox 876 2868 1000 2934; x_wconf 78' lang='lat' dir='ltr'><em>calami</em></span> <span class='ocrx_word' id='word_1_144' title='bbox 1029 2867 1142 2954; x_wconf 85' lang='lat' dir='ltr'><em>lapsa,</em></span> <span class='ocrx_word' id='word_1_145' title='bbox 1172 2866 1296 2953; x_wconf 71' lang='lat' dir='ltr'><em>leqilnr</em></span> 
     </span>
     <span class='ocr_line' id='line_1_18' title="bbox 172 3003 1295 3094; baseline -0.001 -23"><span class='ocrx_word' id='word_1_146' title='bbox 172 3004 401 3092; x_wconf 56' lang='lat' dir='ltr'><em>(inominata.</em></span> <span class='ocrx_word' id='word_1_147' title='bbox 420 3003 537 3072; x_wconf 78' lang='lat' dir='ltr'><em>Versus</em></span> <span class='ocrx_word' id='word_1_148' title='bbox 556 3005 620 3071; x_wconf 82' lang='lat' dir='ltr'><em>elno</em></span> <span class='ocrx_word' id='word_1_149' title='bbox 640 3005 751 3092; x_wconf 78' lang='lat' dir='ltr'><em>sparti</em></span> <span class='ocrx_word' id='word_1_150' title='bbox 767 3026 818 3094; x_wconf 89' lang='lat' dir='ltr'><em>me</em></span> <span class='ocrx_word' id='word_1_151' title='bbox 834 3006 981 3073; x_wconf 86' lang='lat' dir='ltr'><em>latebant</em></span> <span class='ocrx_word' id='word_1_152' title='bbox 996 3005 1190 3073; x_wconf 75' lang='lat' dir='ltr'><em>scribentem</em></span> <span class='ocrx_word' id='word_1_153' title='bbox 1207 3023 1295 3094; x_wconf 84' lang='lat' dir='ltr'><em>qnae</em></span> 
     </span>
     <span class='ocr_line' id='line_1_19' title="bbox 169 3119 1296 3232; baseline -0.001 -23"><span class='ocrx_word' id='word_1_154' title='bbox 169 3143 288 3230; x_wconf 69' lang='lat' dir='ltr'><em>serape</em></span> <span class='ocrx_word' id='word_1_155' title='bbox 310 3119 394 3232; x_wconf 60' lang='lat' dir='ltr'><em>pay?</em></span> <span class='ocrx_word' id='word_1_156' title='bbox 413 3143 456 3211; x_wconf 80' lang='lat' dir='ltr'><em>rs</em></span> <span class='ocrx_word' id='word_1_157' title='bbox 484 3145 524 3212; x_wconf 79' lang='lat' dir='ltr'><em>a</em></span> <span class='ocrx_word' id='word_1_158' title='bbox 547 3145 652 3232; x_wconf 67' lang='lat' dir='ltr'><em>onya</em></span> <span class='ocrx_word' id='word_1_159' title='bbox 682 3142 859 3212; x_wconf 78' lang='lat' dir='ltr'><em>eor-ese</em></span> <span class='ocrx_word' id='word_1_160' title='bbox 886 3147 979 3230; x_wconf 73' lang='lat' dir='ltr'><em>(nam</em></span> <span class='ocrx_word' id='word_1_161' title='bbox 1002 3166 1048 3211; x_wconf 68' lang='lat' dir='ltr'><em>os.</em></span> <span class='ocrx_word' id='word_1_162' title='bbox 1075 3142 1140 3210; x_wconf 77' lang='lat' dir='ltr'><em>oss</em></span> <span class='ocrx_word' id='word_1_163' title='bbox 1161 3163 1209 3232; x_wconf 69' lang='lat' dir='ltr'><em>sq.</em></span> <span class='ocrx_word' id='word_1_164' title='bbox 1232 3141 1296 3208; x_wconf 79' lang='lat' dir='ltr'><em>aee-</em></span> 
     </span>
     <span class='ocr_line' id='line_1_20' title="bbox 170 3283 1296 3376; baseline 0.003 -28"><span class='ocrx_word' id='word_1_165' title='bbox 170 3283 258 3351; x_wconf 86' lang='lat' dir='ltr'><em>nnde</em></span> <span class='ocrx_word' id='word_1_166' title='bbox 292 3286 438 3372; x_wconf 79' lang='lat' dir='ltr'><em>eaoerpli</em></span> <span class='ocrx_word' id='word_1_167' title='bbox 472 3285 650 3372; x_wconf 78' lang='lat' dir='ltr'><em>videnter),</em></span> <span class='ocrx_word' id='word_1_168' title='bbox 683 3297 786 3376; x_wconf 83' lang='lat' dir='ltr'><em>qnam</em></span> <span class='ocrx_word' id='word_1_169' title='bbox 809 3286 965 3372; x_wconf 73' lang='lat' dir='ltr'><em>eleatem,</em></span> <span class='ocrx_word' id='word_1_170' title='bbox 1000 3287 1061 3354; x_wconf 89' lang='lat' dir='ltr'><em>etsi</em></span> <span class='ocrx_word' id='word_1_171' title='bbox 1090 3287 1209 3352; x_wconf 89' lang='lat' dir='ltr'><em>merito</em></span> <span class='ocrx_word' id='word_1_172' title='bbox 1241 3283 1296 3351; x_wconf 85' lang='lat' dir='ltr'><em>de-</em></span> 
     </span>
     <span class='ocr_line' id='line_1_21' title="bbox 169 3421 1297 3514; baseline 0.003 -27"><span class='ocrx_word' id='word_1_173' title='bbox 169 3421 262 3507; x_wconf 73' lang='lat' dir='ltr'><em>lendi</em></span> <span class='ocrx_word' id='word_1_174' title='bbox 292 3423 334 3489; x_wconf 86' lang='lat' dir='ltr'><em>ol</em></span> <span class='ocrx_word' id='word_1_175' title='bbox 356 3423 476 3514; x_wconf 85' lang='lat' dir='ltr'><em>iniqna</em></span> <span class='ocrx_word' id='word_1_176' title='bbox 501 3424 589 3513; x_wconf 78' lang='lat' dir='ltr'><em>Meyi</em></span> <span class='ocrx_word' id='word_1_177' title='bbox 612 3427 915 3513; x_wconf 71' lang='lat' dir='ltr'><em>aranrnentotione,</em></span> <span class='ocrx_word' id='word_1_178' title='bbox 941 3434 1053 3494; x_wconf 91' lang='lat' dir='ltr'><em>lamen</em></span> <span class='ocrx_word' id='word_1_179' title='bbox 1076 3425 1130 3494; x_wconf 87' lang='lat' dir='ltr'><em>nel</em></span> <span class='ocrx_word' id='word_1_180' title='bbox 1149 3424 1297 3493; x_wconf 81' lang='lat' dir='ltr'><em>admissa</em></span> 
     </span>
     <span class='ocr_line' id='line_1_22' title="bbox 172 3559 1296 3650; baseline 0.003 -23"><span class='ocrx_word' id='word_1_181' title='bbox 172 3559 308 3648; x_wconf 69' lang='lat' dir='ltr'><em>Beralii</em></span> <span class='ocrx_word' id='word_1_182' title='bbox 337 3563 520 3649; x_wconf 71' lang='lat' dir='ltr'><em>suspicione</em></span> <span class='ocrx_word' id='word_1_183' title='bbox 554 3565 596 3631; x_wconf 85' lang='lat' dir='ltr'><em>ob</em></span> <span class='ocrx_word' id='word_1_184' title='bbox 623 3566 843 3632; x_wconf 74' lang='lat' dir='ltr'><em>absurditatis</em></span> <span class='ocrx_word' id='word_1_185' title='bbox 870 3567 1009 3635; x_wconf 83' lang='lat' dir='ltr'><em>crimine</em></span> <span class='ocrx_word' id='word_1_186' title='bbox 1027 3567 1158 3650; x_wconf 70' lang='lat' dir='ltr'><em>frastra</em></span> <span class='ocrx_word' id='word_1_187' title='bbox 1185 3564 1296 3633; x_wconf 80' lang='lat' dir='ltr'><em>ainli-</em></span> 
     </span>
     <span class='ocr_line' id='line_1_23' title="bbox 171 3702 1293 3796; baseline 0.001 -28"><span class='ocrx_word' id='word_1_188' title='bbox 171 3702 275 3782; x_wconf 71' lang='lat' dir='ltr'><em>coln,</em></span> <span class='ocrx_word' id='word_1_189' title='bbox 294 3702 361 3768; x_wconf 83' lang='lat' dir='ltr'><em>nisi</em></span> <span class='ocrx_word' id='word_1_190' title='bbox 379 3722 506 3769; x_wconf 82' lang='lat' dir='ltr'><em>neeonm</em></span> <span class='ocrx_word' id='word_1_191' title='bbox 524 3705 682 3771; x_wconf 87' lang='lat' dir='ltr'><em>statneris</em></span> <span class='ocrx_word' id='word_1_192' title='bbox 701 3725 746 3770; x_wconf 87' lang='lat' dir='ltr'><em>rs.</em></span> <span class='ocrx_word' id='word_1_193' title='bbox 771 3702 836 3772; x_wconf 71' lang='lat' dir='ltr'><em>nna</em></span> <span class='ocrx_word' id='word_1_194' title='bbox 855 3728 903 3796; x_wconf 80' lang='lat' dir='ltr'><em>sq.</em></span> <span class='ocrx_word' id='word_1_195' title='bbox 922 3706 1034 3774; x_wconf 85' lang='lat' dir='ltr'><em>deleri</em></span> <span class='ocrx_word' id='word_1_196' title='bbox 1050 3704 1293 3793; x_wconf 76' lang='lat' dir='ltr'><em>interpolatori,</em></span> 
     </span>
     <span class='ocr_line' id='line_1_24' title="bbox 170 3841 1296 3932; baseline 0.003 -26"><span class='ocrx_word' id='word_1_197' title='bbox 170 3861 396 3927; x_wconf 83' lang='lat' dir='ltr'><em>praeoressnm</em></span> <span class='ocrx_word' id='word_1_198' title='bbox 429 3841 588 3909; x_wconf 77' lang='lat' dir='ltr'><em>distichon</em></span> <span class='ocrx_word' id='word_1_199' title='bbox 615 3863 691 3913; x_wconf 87' lang='lat' dir='ltr'><em>nere</em></span> <span class='ocrx_word' id='word_1_200' title='bbox 723 3845 857 3932; x_wconf 83' lang='lat' dir='ltr'><em>qnielem</em></span> <span class='ocrx_word' id='word_1_201' title='bbox 886 3845 944 3912; x_wconf 83' lang='lat' dir='ltr'><em>sed</em></span> <span class='ocrx_word' id='word_1_202' title='bbox 967 3846 1092 3913; x_wconf 81' lang='lat' dir='ltr'><em>insalsa</em></span> <span class='ocrx_word' id='word_1_203' title='bbox 1113 3852 1144 3912; x_wconf 89' lang='lat' dir='ltr'><em>et</em></span> <span class='ocrx_word' id='word_1_204' title='bbox 1167 3842 1296 3930; x_wconf 72' lang='lat' dir='ltr'><em>inficeto</em></span> 
     </span>
     <span class='ocr_line' id='line_1_25' title="bbox 170 3979 1367 4090; baseline 0.002 -45"><span class='ocrx_word' id='word_1_205' title='bbox 170 3979 416 4066; x_wconf 80' lang='lat' dir='ltr'><em>interpretanti.</em></span> <span class='ocrx_word' id='word_1_206' title='bbox 460 3982 576 4052; x_wconf 86' lang='lat' dir='ltr'><em>Simile</em></span> <span class='ocrx_word' id='word_1_207' title='bbox 602 3985 938 4072; x_wconf 79' lang='lat' dir='ltr'><em>interpretamentum</em></span> <span class='ocrx_word' id='word_1_208' title='bbox 960 3980 1077 4055; x_wconf 85' lang='lat' dir='ltr'><em>notari</em></span> <span class='ocrx_word' id='word_1_209' title='bbox 1096 4006 1175 4072; x_wconf 71' lang='lat' dir='ltr'><em>pay.</em></span> <span class='ocrx_word' id='word_1_210' title='bbox 1197 3979 1298 4049; x_wconf 73' lang='lat' dir='ltr'><em>nato</em></span> <span class='ocrx_word' id='word_1_211' title='bbox 1364 4085 1367 4090; x_wconf 14' lang='grc' dir='ltr'>ι</span> 
     </span>
     <span class='ocr_line' id='line_1_26' title="bbox 170 4119 1299 4215; baseline 0.004 -31"><span class='ocrx_word' id='word_1_212' title='bbox 170 4140 241 4208; x_wconf 80' lang='lat' dir='ltr'><em>sqq.</em></span> <span class='ocrx_word' id='word_1_213' title='bbox 275 4155 315 4169; x_wconf 84' lang='lat'><em>--</em></span> <span class='ocrx_word' id='word_1_214' title='bbox 347 4119 435 4201; x_wconf 85' lang='lat' dir='ltr'><em>Qnid</em></span> <span class='ocrx_word' id='word_1_215' title='bbox 460 4123 553 4190; x_wconf 82' lang='lat' dir='ltr'><em>nism</em></span> <span class='ocrx_word' id='word_1_216' title='bbox 581 4124 662 4207; x_wconf 72' lang='lat' dir='ltr'><em>am,</em></span> <span class='ocrx_word' id='word_1_217' title='bbox 688 4126 880 4194; x_wconf 81' lang='lat' dir='ltr'><em>declaravi:</em></span> <span class='ocrx_word' id='word_1_218' title='bbox 911 4127 995 4215; x_wconf 76' lang='lat' dir='ltr'><em>qroiel</em></span> <span class='ocrx_word' id='word_1_219' title='bbox 1014 4125 1197 4214; x_wconf 70' lang='lat' dir='ltr'><em>effecerim,</em></span> <span class='ocrx_word' id='word_1_220' title='bbox 1229 4123 1299 4189; x_wconf 88' lang='lat' dir='ltr'><em>eins</em></span> 
     </span>
     <span class='ocr_line' id='line_1_27' title="bbox 171 4246 1300 4354; baseline 0.002 -30"><span class='ocrx_word' id='word_1_221' title='bbox 171 4257 222 4324; x_wconf 88' lang='lat' dir='ltr'><em>rei</em></span> <span class='ocrx_word' id='word_1_222' title='bbox 246 4259 290 4324; x_wconf 88' lang='lat' dir='ltr'><em>sit</em></span> <span class='ocrx_word' id='word_1_223' title='bbox 311 4260 497 4336; x_wconf 74' lang='lat' dir='ltr'><em>aestimatio</em></span> <span class='ocrx_word' id='word_1_224' title='bbox 515 4283 617 4349; x_wconf 80' lang='lat' dir='ltr'><em>penes</em></span> <span class='ocrx_word' id='word_1_225' title='bbox 631 4264 759 4353; x_wconf 76' lang='lat' dir='ltr'><em>peritos</em></span> <span class='ocrx_word' id='word_1_226' title='bbox 778 4246 974 4354; x_wconf 72' lang='lat' dir='ltr'><em>eosdemque</em></span> <span class='ocrx_word' id='word_1_227' title='bbox 996 4285 1065 4332; x_wconf 93' lang='lat' dir='ltr'><em>non</em></span> <span class='ocrx_word' id='word_1_228' title='bbox 1085 4263 1219 4350; x_wconf 74' lang='lat' dir='ltr'><em>aloidas</em></span> <span class='ocrx_word' id='word_1_229' title='bbox 1243 4260 1300 4327; x_wconf 86' lang='lat' dir='ltr'><em>lm·</em></span> 
     </span>
     <span class='ocr_line' id='line_1_28' title="bbox 172 4397 1302 4493; baseline 0.006 -34"><span class='ocrx_word' id='word_1_230' title='bbox 172 4413 247 4461; x_wconf 89' lang='lat' dir='ltr'><em>ram</em></span> <span class='ocrx_word' id='word_1_231' title='bbox 271 4397 543 4477; x_wconf 64' lang='lat' dir='ltr'><em>normandiam,</em></span> <span class='ocrx_word' id='word_1_232' title='bbox 566 4402 686 4488; x_wconf 70' lang='lat' dir='ltr'><em>onitas</em></span> <span class='ocrx_word' id='word_1_233' title='bbox 709 4410 750 4470; x_wconf 82' lang='grc' dir='ltr'><em>τὰ</em></span> <span class='ocrx_word' id='word_1_234' title='bbox 775 4408 1020 4493; x_wconf 73' lang='grc' dir='ltr'><em>κατωρθωμένα</em></span> <span class='ocrx_word' id='word_1_235' title='bbox 1046 4422 1112 4472; x_wconf 83' lang='lat' dir='ltr'><em>nott</em></span> <span class='ocrx_word' id='word_1_236' title='bbox 1136 4401 1246 4467; x_wconf 79' lang='lat' dir='ltr'><em>mittas</em></span> <span class='ocrx_word' id='word_1_237' title='bbox 1259 4435 1302 4492; x_wconf 65' lang='lat'><em>7-</em></span> 
     </span>
     <span class='ocr_line' id='line_1_29' title="bbox 173 4513 1302 4634; baseline 0.003 -33"><span class='ocrx_word' id='word_1_238' title='bbox 173 4553 251 4601; x_wconf 92' lang='lat' dir='ltr'><em>nom</em></span> <span class='ocrx_word' id='word_1_239' title='bbox 283 4542 397 4603; x_wconf 89' lang='lat' dir='ltr'><em>eontra</em></span> <span class='ocrx_word' id='word_1_240' title='bbox 427 4536 503 4624; x_wconf 73' lang='lat' dir='ltr'><em>[teri</em></span> <span class='ocrx_word' id='word_1_241' title='bbox 533 4558 628 4627; x_wconf 84' lang='lat' dir='ltr'><em>saepe</em></span> <span class='ocrx_word' id='word_1_242' title='bbox 657 4540 806 4610; x_wconf 81' lang='lat' dir='ltr'><em>violemus</em></span> <span class='ocrx_word' id='word_1_243' title='bbox 838 4583 881 4632; x_wconf 78' lang='lat'><em>··,·</em></span> <span class='ocrx_word' id='word_1_244' title='bbox 910 4563 1015 4634; x_wconf 83' lang='lat' dir='ltr'><em>qnam</em></span> <span class='ocrx_word' id='word_1_245' title='bbox 1043 4550 1083 4611; x_wconf 81' lang='grc' dir='ltr'><em>τὰ</em></span> <span class='ocrx_word' id='word_1_246' title='bbox 1114 4513 1302 4625; x_wconf 62' lang='grc' dir='ltr'><strong><em>ἐσφαλμένα</em></strong></span> 
     </span>
    </p>
   </div>
   <div class='ocr_carea' id='block_1_4' title="bbox 173 4673 1302 4785">
    <p class='ocr_par' dir='ltr' id='par_1_5' title="bbox 173 4673 1302 4785">
     <span class='ocr_line' id='line_1_30' title="bbox 173 4673 1302 4785; baseline 0 -42"><span class='ocrx_word' id='word_1_247' title='bbox 173 4676 262 4785; x_wconf 67' lang='lat' dir='ltr'><em>corii</em></span> <span class='ocrx_word' id='word_1_248' title='bbox 283 4677 359 4744; x_wconf 82' lang='lat' dir='ltr'><em>sint.</em></span> <span class='ocrx_word' id='word_1_249' title='bbox 410 4673 551 4744; x_wconf 84' lang='lat' dir='ltr'><em>Comiter</em></span> <span class='ocrx_word' id='word_1_250' title='bbox 575 4683 778 4752; x_wconf 81' lang='lat' dir='ltr'><em>monstranti</em></span> <span class='ocrx_word' id='word_1_251' title='bbox 800 4683 886 4752; x_wconf 79' lang='lat' dir='ltr'><em>milti</em></span> <span class='ocrx_word' id='word_1_252' title='bbox 915 4685 1006 4752; x_wconf 88' lang='lat' dir='ltr'><em>aiam</em></span> <span class='ocrx_word' id='word_1_253' title='bbox 1033 4687 1152 4771; x_wconf 73' lang='lat' dir='ltr'><em>oratos</em></span> <span class='ocrx_word' id='word_1_254' title='bbox 1173 4698 1302 4767; x_wconf 84' lang='lat' dir='ltr'><em>semper</em></span> 
     </span>
    </p>
   </div>
   <div class='ocr_carea' id='block_1_5' title="bbox 0 0 1649 5374">
    <p class='ocr_par' dir='ltr' id='par_1_6' title="bbox 0 0 1649 5374">
     <span class='ocr_line' id='line_1_31' title="bbox 0 0 1649 5374; baseline 0 0"><span class='ocrx_word' id='word_1_255' title='bbox 0 0 1649 5374; x_wconf 95' lang='lat' dir='ltr'><em> </em></span> 
     </span>
    </p>
   </div>
  </div>
 </body>
</html>
