3270 5374
776 577 817 643 62

236 796 337 856 κρισις
369 766 461 852 (quod
494 765 653 831 Herodoto
686 766 800 851 ubique
832 767 1020 833 reddendum
1043 790 1108 832 esse
1132 790 1195 833 non
1218 767 1361 853 dubito),

162 912 168 934 ¹
237 885 295 950 nisi
327 883 414 969 peius
445 883 568 968 aliquod
600 883 687 947 ulons
720 883 843 948 subesse
867 871 1042 970 suspicarer.
1089 883 1162 948 Non
1187 865 1388 958 enim'sen-⁸
1475 929 1481 955 .

236 999 351 1063 tentiae
373 997 433 1062 loci
468 997 608 1062 convenit
632 999 769 1084 responsi
790 999 877 1062 notio
901 999 952 1062 sed
974 999 1149 1077 verborum,
1180 996 1243 1062 sive
1270 996 1365 1082 polli-

238 1114 335 1178 centis
359 1112 474 1197 aliquid
497 1113 561 1176 sive
584 1113 773 1178 affirmantis.
820 1112 904 1177 Hine
926 1113 1092 1197 aliquando
1116 1111 1306 1197 suspicabar:

282 1234 347 1296 τῶν
371 1231 511 1309 ἀγαθῶν
538 1228 637 1312 ἐσθλὴ
661 1233 722 1314 μὲν
746 1233 997 1318 ὑπόσχεσις,
1025 1231 1127 1298 ἐσθλὰ
1151 1232 1185 1298 δὲ
1206 1225 1310 1314 τᾶργα

136 1367 138 1372 ·
238 1347 273 1404 nt
296 1341 369 1424 boni
392 1339 536 1404 dicantur
557 1351 640 1405 stare
657 1341 824 1426 promissis.
865 1341 932 1406 Neo
954 1348 1057 1408 tamen
1081 1343 1128 1408 vel
1150 1343 1183 1406 id
1206 1341 1245 1407 ab
1277 1341 1360 1433 omni

238 1463 325 1542 parte
350 1455 505 1520 satisfacit.
553 1454 710 1532 Quaerant
732 1455 804 1520 aliil

283 1569 338 1634 Vs.
367 1573 463 1633 1260.
488 1568 543 1632 Vel
568 1568 683 1633 adscita
706 1569 831 1656 Bergkii
856 1571 1049 1651 coniectura,
1071 1569 1107 1634 de
1130 1593 1189 1654 qua
1211 1571 1275 1635 dixi
1292 1593 1363 1656 pag.

153 1738 155 1752 .
240 1687 300 1764 45,
324 1691 501 1770 corruptum
519 1691 622 1748 manet
639 1692 808 1771 καρτερός,
822 1707 877 1770 pro
892 1707 951 1770 quo
973 1686 1082 1762 αἰολός
1099 1692 1152 1749 aut
1171 1685 1272 1751 simile
1288 1684 1364 1770 quid

239 1800 473 1885 exspectaveris.
591 1862 594 1868 .

142 1941 144 1950 ’
214 1968 216 1971 .
286 1915 341 1981 Vs.
364 1916 459 1978 1889.
475 1913 603 1982 ιἸασίον
616 1922 753 2002 κούρην,
769 1919 939 2003 παρθένον
958 1915 1085 2004 Ἰασίην
1101 1918 1228 1982 fortasse
1244 1925 1362 2004 poetae,

237 2051 299 2094 non
329 2029 539 2105 librariorum,
575 2029 663 2114 eulpa
696 2031 819 2117 ineptus
849 2039 904 2096 est.
954 2031 1069 2097 Contra
1100 2033 1165 2096 fieri
1193 2041 1296 2118 potest
1328 2041 1364 2099 nt

239 2169 309 2231 pag.
337 2151 375 2210 15
399 2146 447 2210 illi
469 2144 627 2210 tribuerim
644 2145 726 2230 quod
746 2145 853 2210 horum
878 2153 924 2211 est
943 2145 977 2211 in
993 2169 1037 2212 νε.
1057 2150 1160 2227 1364,
1182 2149 1233 2234 qui
1252 2148 1363 2213 leniter

239 2261 284 2324 sio
306 2268 408 2345 potest
431 2260 555 2344 refingi:
587 2257 644 2338 ὦς’
667 2263 723 2326 ἔτι
753 2272 795 2346 μή
820 2287 852 2329 σε
876 2263 994 2346 φιλεῖν.
1045 2263 1166 2348 Nempe
1197 2285 1363 2348 pronomen

239 2404 285 2459 με
309 2376 396 2440 facile
413 2384 467 2439 aut
484 2375 520 2440 ab
541 2375 709 2458 interprete
728 2374 799 2439 addi
816 2382 902 2441 aute
925 2377 1065 2460 sequenti
1082 2389 1123 2463 μή
1144 2379 1226 2443 nasci
1244 2380 1361 2464 potuit,

240 2490 437 2572 expulsurum
460 2489 623 2574 genuinam
647 2490 784 2554 voculam
809 2494 870 2557 ἔτι.
907 2491 953 2555 De
976 2495 1025 2560 ἔτι
1048 2504 1089 2579 μή
1111 2516 1165 2580 pro
1179 2497 1293 2582 μηκέτι
1319 2494 1362 2558 si·

240 2603 424 2688 milibusque
447 2603 586 2667 videatur
609 2603 769 2668 Hermann
792 2604 829 2668 ad
853 2604 991 2672 Trachin,
1020 2610 1093 2702 166.

285 2718 338 2785 Vs.
365 2721 461 2784 1386.
496 2691 595 2783 Usum
619 2718 832 2784 vocabulorum
856 2721 910 2787 οἷα
937 2747 971 2788 τε
995 2742 1049 2804 pro
1073 2717 1125 2788 οἶά
1149 2719 1277 2783 fortasse
1301 2743 1364 2784 non

242 2833 404 2898 debueram
428 2855 540 2917 ponere
562 2835 594 2898 in
619 2833 704 2901 vitio.
751 2835 833 2900 Nam
860 2835 960 2920 epicos
983 2835 1016 2899 in
1039 2857 1073 2900 ea
1098 2857 1130 2899 re
1152 2834 1268 2900 imitari
1292 2857 1363 2920 poe-

240 2955 369 3012 tastrum
393 2947 470 3011 nihil
494 2949 624 3036 vetabat.
671 2949 719 3014 Of.
743 2971 819 3034 quae
843 2951 950 3036 scripsi
973 2973 1045 3037 pag.
1073 2952 1110 3029 6,
1135 2951 1174 3014 ad
1202 2973 1245 3017 vs.
1276 2953 1360 3028 138,

241 3062 350 3147 quibua
373 3063 449 3127 adde
475 3086 518 3130 νε.
547 3065 622 3129 148.
1369 3063 1373 3068 ⁵

284 3179 385 3244 Erunt
408 3179 553 3258 fortasse,
584 3180 637 3263 qui
668 3180 835 3259 mirentur,
863 3203 916 3245 our
937 3202 1007 3266 pag.
1040 3186 1080 3247 24
1103 3186 1169 3271 ἴσχε
1204 3191 1278 3252 νόον
1305 3184 1361 3267 (νε.

244 3296 323 3381 565)
347 3315 408 3358 non
424 3293 641 3380 interpretatus
665 3295 720 3359 sim
748 3305 825 3365 νοῦν
847 3301 898 3385 ἔχε
909 3345 919 3374 ,
940 3296 961 3362 i.
985 3320 1012 3362 e.
1033 3319 1118 3384 sape.
1165 3295 1276 3362 Caussa
1289 3299 1365 3363 haeo

244 3407 403 3494 est,·quod
419 3416 485 3473 tum
502 3417 588 3473 extra
606 3411 728 3490 Atticae
745 3411 821 3474 fines
837 3433 902 3476 eam
922 3411 1104 3477 locutionem
1120 3412 1260 3498 sapiendi
1274 3407 1364 3476 sensu

245 3525 317 3608 (huo
336 3525 417 3588 enim
438 3525 562 3590 minime
582 3527 718 3611 pertinet
737 3527 823 3592 loous
846 3527 905 3592 Od.
930 3531 948 3606 ξ
969 3529 1045 3610 490)
1062 3527 1143 3613 apud
1166 3529 1297 3594 Graecos
1313 3552 1366 3594 au·

244 3639 390 3724 tiquioras
416 3638 527 3704 frustra
553 3623 703 3724 quaesiui,
735 3657 802 3706 tum
827 3642 953 3707 verbnm
976 3647 1079 3733 ’ἴσχειν
1101 3645 1133 3709 in
1155 3645 1281 3730 antiqno
1304 3666 1366 3709 ser-

244 3777 333 3820 mone
358 3754 442 3840 epioo
462 3761 493 3818 et
520 3754 652 3839 elegiaco
681 3778 798 3842 semper
823 3757 987 3836 reduendi,
1016 3757 1172 3823 cohibendi
1178 3811 1186 3837 ‚
1211 3761 1367 3825 coercendi

241 3867 305 3934 vvim
330 3891 462 3934 servasse
489 3869 618 3936 ridetur.
665 3871 703 3937 Il.
728 3871 776 3936 IX
799 3873 882 3937 256:
907 3878 944 3941 od
972 3876 1007 3941 δὲ
1030 3874 1233 3962 μεγαλήτορα
1257 3880 1364 3960 θυμὸν

244 3989 367 4074 ἴσχειν
389 3991 424 4054 ἐν
442 3995 609 4070 στήθεσσι,
627 3987 844 4075 φιλοφροσύνη
861 3995 921 4076 γὰρ
933 3992 1087 4074 οἰμείνοον.
1106 4027 1148 4037 -
1160 3988 1271 4069 Quare,
1297 4012 1367 4054 sua-

246 4101 337 4166 dente
360 4101 452 4165 etiam
475 4101 534 4166 looi
558 4103 732 4182 sententia,
757 4102 851 4168 verti:
875 4103 978 4169 cobibe
996 4114 1135 4170 mentem.
1199 4070 1207 4094 Ι

1068 4203 1079 4234 Ι

289 4444 406 4510 Ροοοοε
428 4446 477 4512 hio
501 4408 697 4532 subiungam‚
723 4469 793 4512 nom
816 4449 975 4534 plerosque
990 4445 1159 4532 praeripuit
1176 4445 1252 4512 mihi
1269 4445 1368 4512 Wala-

244 4558 311 4623 lreri
335 4561 470 4625 eruditio
493 4567 584 4646 atque
608 4562 787 4646 diligentia,
812 4569 948 4628 veterum
969 4568 1125 4648 poetarum
1148 4561 1239 4643 looos,
1256 4559 1367 4648 quibus

246 4674 444 4762 Theognidea
467 4677 599 4744 earmina
621 4677 768 4743 illustrari
790 4679 1014 4764 quodammodo
1037 4678 1163 4765 possint.
