3270 5374
761 545 801 610 11

364 741 405 821 λιν
431 737 469 822 δη
493 745 550 826 χρὴ
575 742 738 821 φεύγοντα
762 743 816 805 καλ
841 745 872 817 ἐς
896 745 1087 830 βαθυκήτεα
1111 715 1232 810 πόντον

357 857 485 940 ῥίπτειν
511 860 566 920 καὶ
590 854 743 936 πετρέων,
770 860 891 941 Κύρνε,
919 854 991 924 κατ’
1015 858 1189 944 ἠλιβάτων·

268 967 396 1050 Aliquot
419 967 506 1031 annis
527 967 639 1032 abhinc
653 975 845 1051 perscrutans
861 971 993 1036 codicem
1009 971 1194 1036 Vossianum
1211 971 1254 1055 (in
1271 972 1340 1036 L'ei·

224 1082 311 1148 densi
332 1081 549 1166 bibliotheca),
571 1081 626 1166 qui
649 1081 786 1147 eontinet
810 1083 980 1168 Aphthonii
1004 1093 1277 1170 progymnasmata,
1302 1085 1338 1149 ad

223 1199 253 1264 lr.
277 1199 300 1263 l.
326 1199 445 1283 repperi
470 1199 634 1277 scholium,
658 1197 755 1283 quod,
779 1199 852 1264 licet
874 1221 936 1263 rem
954 1199 1109 1264 contineat
1126 1200 1227 1284 procul
1246 1199 1338 1264 dubio

222 1312 342 1389 fictam,
367 1309 535 1375 adscribere
558 1333 618 1375 non
642 1313 807 1396 gravaborz
832 1315 873 1392 ἐξ
899 1314 1068 1401 ἐλεγίης
1092 1323 1258 1402 πρώτης
1280 1322 1339 1400 μὲν

222 1432 301 1513 πρὸς
314 1434 443 1513 Κιλρνον
460 1427 598 1514 βασιλέα
615 1433 781 1514 ἶσόχρονον
797 1432 985 1515 ὑπάρχοντα
1002 1429 1147 1516 Κυψέλῳ
1159 1433 1339 1515 Κορινθίῳ.

223 1541 336 1604 Ansam
360 1539 432 1603 huic
454 1539 593 1604 fabellae·
606 1540 726 1605 dedisse
748 1541 882 1627 suspicor
905 1565 949 1606 vs.
976 1543 1057 1606 894:

399 1661 442 1733 ὡς
465 1657 503 1739 δὴ
530 1658 786 1741 Κυψελιδῶν
808 1661 888 1733 Ζευς
912 1657 1032 1724 ὀλέσειε
1057 1660 1161 1739 γένος,

222 1768 276 1833 ubi
305 1768 373 1835 vide
404 1791 479 1854 quae
510 1770 629 1834 notavit
661 1770 761 1854 Bergk
793 1770 838 1835 ed.
872 1770 942 1848 III,
975 1792 1064 1855 quem
1097 1771 1209 1835 nollem
1232 1777 1340 1856 poetae

217 1883 419 1949 Alexandrini
452 1885 616 1949 testimonii
648 1908 738 1950 usum
766 1907 829 1950 esse
852 1884 891 1950 ad
916 1885 1113 1950 refellendam
1139 1908 1258 1964 veram,
1282 1886 1340 1950 nisi

221 1999 319 2079 fallor,
349 1999 458 2065 Cobeti
491 2001 694 2085 suspicionem
713 2001 935 2088 ‘antiquissimo
967 2004 1029 2066 vati
1052 2001 1224 2066 reddentis:
1257 2009 1341 2079 πώς

221 2123 273 2183 ἂν
298 2155 340 2164 -
364 2117 481 2196 νένος;
512 2115 783 2180 Animadversione
813 2124 914 2182 autem
946 2117 1123 2202 dignissima
1147 2124 1218 2182 sunt
1242 2117 1340 2203 prima

222 2229 329 2294 scholii
363 2229 453 2294 verba
485 2233 518 2309 ἐξ
551 2231 675 2318 ἐλεγίης
707 2239 886 2320 πρώτης,
913 2233 975 2297 nisi
1000 2234 1078 2298 forte
1099 2233 1200 2298 ‘voluit
1225 2237 1257 2313 ἐξ
1278 2236 1346 2300 ε’λε·

222 2353 328 2428 γιώυ
349 2351 477 2432 πρώτης
500 2344 521 2410 i.
546 2367 572 2410 e.
597 2346 737 2431 escae
760 2347 923 2434 elegiarum
945 2349 1030 2415 libro.

267 2461 320 2525 Vs.
347 2462 421 2526 183.
446 2467 552 2547 ιιριους
570 2467 629 2547 μὲν
650 2469 704 2529 καὶ
722 2469 816 2544 ὄνους
833 2467 1004 2549 διζήμεθα,
1018 2472 1134 2552 Κύρνε,
1153 2469 1206 2532 καὶ
1220 2469 1341 2539 ἰ’ππους

446 2578 607 2658 εὐνενέας,
635 2583 691 2644 καί
714 2606 763 2654 τις
787 2578 939 2667 βούλεται
964 2581 998 2657 ἐξ
1021 2582 1161 2659 ἀγαθῶν

445 2695 682 2776 figurabas·
689 2702 788 2775 γῆμαι
806 2694 840 2759 δὲ
859 2702 963 2778 ιιαιιὴυ
981 2701 1080 2760 κακοῦ
1097 2694 1133 2758 οὐ
1149 2693 1341 2778 μελεδαίνει.

267 2802 370 2866 Huius
386 2802 445 2867 loci
462 2802 549 2866 valde
567 2804 767 2882 controversi,
779 2812 822 2867 'ex
838 2827 904 2868 mea
919 2804 1040 2889 quidem
1058 2804 1220 2881 sententia,
1238 2825 1342 2867 sensus

222 2918 273 2982 hic
300 2941 364 2982 esse
389 2917 496 2982 debet:
528 2917 638 2982 arietes
659 2917 783 3002 qnidam
809 2925 840 2983 et
864 2920 963 2986 asinos
987 2928 1020 2985 et
1044 2943 1136 3007 equos
1161 2928 1226 2986 tum
1250 2944 1343 3006 quae·

222 3033 316 3096 rimus
351 3033 492 3115 (emendo
517 3033 598 3118 scil.)
632 3054 795 3118 generosos
819 3041 883 3098 tum
909 3059 925 3100 c
948 3037 1103 3120 generosis
1127 3057 1231 3121 parare
1254 3029 1342 3101 nobis

222 3146 379 3211 studemus
412 3147 631 3229 (submittendo
663 3148 732 3212 soil.
765 3148 896 3213 maribus
932 3151 1085 3216 nobilibus
1115 3152 1232 3217 nobiles
1257 3153 1343 3216 lemi-

192 3240 195 3247 ’
222 3265 303 3345 αοε);
329 3263 511 3327 contrarium
540 3285 652 3326 morem
676 3264 830 3348 sequimur
851 3263 885 3326 in
908 3263 1045 3328 ducenda
1068 3287 1161 3329 uxore
1180 3264 1343 3351 liberisque

223 3375 415 3462 procreandis
423 3404 433 3454 3
466 3400 552 3462 saepe
576 3378 657 3442 euim
682 3378 856 3443 divitiarum
881 3402 969 3442 causa
995 3401 1118 3443 uxorem
1142 3380 1281 3444 ducimus
1305 3380 1342 3446 de

223 3491 329 3578 plebe,
358 3492 402 3556 ita
437 3499 469 3556 ut
500 3493 587 3558 liberi
612 3501 775 3559 nascantur
799 3492 888 3556 nobis
910 3493 1117 3579 ignobiliores.
1166 3495 1237 3559 Huc
1262 3496 1343 3560 enim

222 3607 377 3690 pertinent
407 3607 467 3670 ista
499 3619 542 3672 vs.
576 3610 656 3671 191:
692 3613 774 3675 οὕτω
802 3615 843 3694 μὴ
875 3616 1022 3695 θαύμαζε
1053 3613 1146 3694 γένος
1170 3649 1210 3658 -ν
1237 3617 1343 3680 οέστών
1462 3659 1465 3666 .

221 3729 434 3806 μαυροῦσθαι.
459 3722 542 3787 Hinc
565 3745 663 3806 neque
686 3715 842 3809 probanda
867 3723 943 3788 milri
968 3725 1086 3789 videtur
1104 3725 1215 3790 codicis
1234 3725 1343 3808 optimi

222 3834 313 3898 lectio
345 3840 514 3923 βησεσθαι,
550 3857 650 3921 neque
682 3838 764 3920 quod
796 3862 812 3902 e
842 3839 1004 3923 marginali
1037 3840 1165 3905 lectione
1189 3845 1342 3929 βίνεσθαι
1447 3920 1450 3928 ,

223 3949 351 4012 coniecit
378 3948 497 4034 Bergk,
530 3951 649 4014 etiamsi
673 3952 835 4016 concedam
861 3975 927 4017 eam
951 3960 1004 4018 ant
1028 3977 1065 4018 ex
1086 3959 1267 4042 ,βαίνεσθαι
1292 3963 1345 4018 aut

222 4083 259 4126 ex
294 4071 522 4150 βινεῖσθαι
559 4074 737 4151 prognatam
773 4089 836 4131 esse
867 4090 972 4152 posse,
1008 4092 1104 4154 neque
1138 4068 1219 4156 quod
1250 4093 1347 4155 nuper

222 4177 357 4242 indidem
388 4179 495 4244 elicuit
527 4203 585 4245 van
617 4182 670 4246 der
702 4183 774 4268 Mey
803 4187 996 4264 γίγνεσθαι,
1043 4183 1102 4248 sed*
1127 4186 1214 4250 unioe
1245 4207 1346 4250 veram

223 4291 361 4356 existimo
385 4293 579 4377 scripturam,
604 4295 634 4358 in
660 4319 718 4381 qua
743 4298 920 4381 conspirant
936 4298 1007 4362 libri
1024 4299 1231 4379 Stobaeenses‚
1260 4289 1348 4384 ιιτή-

135 4396 138 4405 ’
223 4418 395 4488 aarum,
421 4410 469 4472 eui
493 4412 629 4496 proxime
653 4413 770 4478 accedit
793 4411 887 4477 codex
911 4413 1106 4478 Mutinensis.
1130 4414 1171 4479 Et
1191 4422 1346 4480 auctorem

223 4521 281 4584 loci
314 4504 668 4612 Pseudo-Xenophontei
689 4530 769 4614 apud
792 4527 954 4592 Stobaeum
977 4529 1058 4595 Flor.
1086 4529 1146 4608 78,
1171 4532 1229 4603 14,
1255 4551 1344 4614 quem

223 4635 287 4720 ipse
310 4660 338 4703 r.
366 4637 394 4704 d.
419 4637 491 4726 Mey
514 4641 620 4706 attulit
643 4665 674 4728 p.
693 4649 731 4722 t,
754 4645 863 4742 saltem
883 4666 945 4710 non
961 4621 1074 4730 legisse
1089 4650 1264 4732 γίγνεσθαι
1279 4645 1346 4711 luce
