3270 5374
727 562 768 625 28

187 753 438 838 α’ποσεισαμένῳ.
475 751 516 815 At
531 751 609 829 cani,
622 747 739 836 opinor,
757 751 835 817 nihil
848 758 894 816 est
910 751 991 837 qnod
1006 752 1040 816 in
1055 751 1180 816 flumine
1191 751 1309 836 perdat,

187 873 307 952 praeter
334 864 453 943 sordes,
485 865 596 950 quibus
624 872 725 930 tamen
759 873 850 951 poeta
874 866 953 930 bone
976 888 1030 930 sua
1056 887 1227 950 comparare
1258 865 1309 930 vix

186 985 314 1064 poterat.
349 978 440 1044 Canis
470 979 503 1045 in
534 980 658 1044 flumine
685 980 802 1064 perdit,
831 980 941 1066 quibus
964 980 1165 1045 libentissime
1192 985 1322 1052 careatz.

185 1101 276 1180 poeta
300 1095 485 1179 perdiderat,
510 1118 587 1179 quae
610 1095 690 1160 tanti
713 1095 860 1175 faciebat,
880 1102 913 1160 ut
930 1095 1142 1173 inimicorum,
1164 1094 1306 1179 aquibus

185 1210 274 1274 bonis
297 1219 406 1276 exutus
428 1212 541 1289 fuerat,
566 1211 743 1293 sanguinem
767 1211 869 1276 bibere
889 1212 1016 1296 gestiret
1039 1211 1120 1295 (τῶν
1137 1213 1186 1296 εἴη
1202 1211 1305 1295 με’λαν

185 1325 266 1412 αἷμα
290 1325 402 1411 πιεῖν).
449 1325 610 1390 Praeterea
631 1332 881 1413 ἀποσεισάμενος
905 1326 1013 1390 melius
1036 1325 1150 1389 dictum
1168 1324 1245 1388 foret
1269 1323 1306 1392 de

184 1462 278 1518 cene,
291 1440 343 1525 qui
356 1447 515 1525 pernatato
533 1448 666 1506 torrente
683 1442 802 1506 tamdiu
819 1440 1035 1506 tremebundus
1055 1440 1199 1524 agitetur,
1213 1437 1308 1502 donec

184 1579 223 1621 ne
251 1557 331 1622 stilla
354 1557 477 1642 quidem
495 1578 588 1640 aquae
608 1557 679 1642 pilis
698 1556 864 1622 inhaereat.
901 1556 946 1620 De
967 1577 1025 1640 qua
1049 1576 1079 1619 re
1102 1557 1133 1618 in
1157 1554 1212 1618 bac
1228 1575 1307 1617 com-

182 1670 340 1755 paratione
363 1692 530 1735 sermonem
555 1692 615 1734 non
640 1692 705 1734 esse
729 1671 801 1734 satis
822 1670 953 1756 probant
971 1668 1062 1735 verba
1085 1668 1305 1755 praecedentia.

228 1783 309 1864 Quia
327 1793 428 1850 autem
449 1789 600 1853 α’ποοεί
610 1796 734 1853 εσθαι
762 1786 916 1871 proprium
941 1791 987 1848 est
1003 1785 1041 1849 de
1056 1783 1213 1863 iumentis,
1231 1805 1306 1869 quae

180 1905 269 1984 tergo
296 1899 438 1983 imposita
463 1905 553 1977 sunt,
575 1899 794 1978 caecutientibus,
814 1922 907 1984 eaque
923 1900 1023 1984 imago
1043 1900 1086 1964 rei
1111 1899 1148 1964 de
1167 1921 1226 1984 qua
1245 1897 1307 1982 agi·

179 2019 232 2077 tur
259 2014 396 2099 apprime
422 2015 500 2078 foret
530 2021 744 2089 consentanea,
772 2013 862 2098 longe
890 2013 1029 2078 mallem:

362 2131 423 2211 ἐγὼ
448 2137 622 2199 κάνθων
647 2131 785 2216 ἐπέρησα
810 2133 973 2217 χαράδρην

363 2254 520 2332 χειμάρρῳ
543 2254 676 2332 ποτάμῳ
700 2243 796 2314 πάντ’
822 2249 1082 2331 ἀποσεισάμενος,

178 2382 235 2425 ceu
259 2360 375 2438 σοι’νινο,
398 2360 450 2446 qui
476 2360 505 2422 oi
516 2359 655 2448 fluminis
679 2361 724 2443 (ut
744 2361 844 2423 εαίοιιο
863 2360 994 2424 alteram
1012 2361 1114 2444 rapam
1134 2359 1302 2444 αάὶνιηκννι)

178 2475 285 2540 omnia
301 2471 414 2540 abiecit.
439 2477 561 2538 Attum
578 2496 681 2560 parum
697 2475 798 2559 placet
814 2476 843 2542 h.
860 2475 881 2540 l.
906 2477 1089 2563 asyndeton,
1106 2483 1173 2540 tum
1190 2476 1221 2539 in
1234 2497 1303 2560 pro·
1370 2474 1372 2478 ’
1437 2477 1443 2484 ’

178 2589 363 2655 verbialibus
382 2589 448 2653 istis
471 2588 745 2674 comparationibus
761 2590 862 2654 omnia
883 2590 1040 2656 advivam
1064 2591 1225 2657 resecanda
1240 2613 1303 2656 non

177 2727 246 2770 esse
262 2705 357 2769 babeo
374 2726 560 2789 persuasum.
585 2685 700 2783 Quare,
721 2704 859 2789 exposita
873 2704 933 2769 loci
950 2705 1139 2784 difficultate,
1158 2705 1301 2770 traditam

178 2820 362 2907 scripturam
381 2819 424 2884 sic
436 2820 632 2904 interpretor,
650 2826 684 2882 ut
699 2818 789 2882 initio
806 2819 888 2899 dixi;
905 2821 966 2884 nisi
977 2821 1058 2905 quod
1071 2821 1121 2884 vix
1133 2821 1179 2885 ita
1194 2827 1299 2905 aptum

177 2955 244 2998 esse
259 2939 508 3019 ἀποσεισάμενος
528 2933 651 2998 infitiari
668 2956 728 2998 non
744 2956 876 3019 possum.
902 2935 1010 3000 Potius
1027 2937 1106 3001 enim
1129 2944 1299 3024 exspectes:

314 3058 471 3138 χειμάρρῳ
495 3061 627 3136 ποτάμῳ
650 3051 747 3119 πάντ’
770 3051 1133 3139 ἀπολουσάμενος.

176 3187 241 3250 quo
261 3164 351 3228 simul
376 3164 563 3229 alluderetur
586 3164 623 3229 ad
642 3164 827 3232 locutionem
846 3168 1038 3238 uaroelorlsw
1060 3175 1116 3238 τὸν
1137 3175 1222 3258 βίον,
1238 3171 1257 3234 i.
1272 3193 1299 3236 e.

177 3278 398 3345 eluere-bonis.

224 3393 276 3459 Vs.
303 3396 480 3460 351-354
502 3394 628 3477 corrigit
652 3415 709 3460 van
727 3394 779 3458 der
794 3394 866 3478 Moy
883 3394 1059 3460 scribendo:
1083 3424 1128 3480 με
1153 3403 1224 3486 βίη
1240 3403 1296 3467 οὐκ

81 3593 94 3602 ,.
177 3510 341 3578 ἐθέλοντα
364 3510 482 3592 φιλεῖς,
509 3508 558 3573 cll.
583 3511 664 3587 371,
693 3509 767 3574 651.
792 3507 903 3572 Obstat
925 3509 1100 3574 encliticam
1115 3539 1169 3596 με,
1188 3511 1298 3597 quippe

177 3623 229 3688 cui
254 3623 434 3689 sententiam
458 3624 550 3688 ordiri
573 3647 633 3688 non
656 3623 754 3688 liceat.
786 3622 1082 3707 Aliquantomelius
1106 3627 1267 3693 coniicias:

311 3749 313 3752 ’
414 3744 453 3807 τί
476 3743 547 3826 βίη
570 3740 602 3824 μ’
625 3741 682 3806 οὐκ
708 3740 868 3806 ἐθέλοντα
892 3740 1052 3824 φιλεῖςς

177 3872 241 3936 quo
267 3850 383 3916 ducunt
401 3851 541 3916 Vaticani
566 3860 597 3917 et
617 3851 729 3916 Veneti
750 3852 857 3918 lectio:
885 3857 917 3919 τί
941 3850 1011 3937 δῆμ’
1037 3890 1080 3902 -
1103 3855 1230 3938 φιλεῖςς
1254 3857 1296 3919 At

178 3964 255 4048 quid
272 3964 372 4031 obstat
387 3965 520 4032 Bekkeri
538 3969 739 4048 coniecturae,
760 3991 849 4052 quam
873 3969 905 4033 in
921 3968 1015 4032 altera
1035 3969 1170 4034 editione
1184 3973 1299 4057 recepit
1420 3994 1424 4000 ’

181 4071 293 4164 Bergk:
314 4089 360 4166 μὴ
379 4086 420 4168 δη
437 4081 469 4168 μ’
487 4087 543 4151 οὐκ
561 4087 719 4154 ἐθέλοντα
733 4087 832 4169 φίλει,
846 4105 1031 4169 quaepresse
1042 4086 1180 4168 sequitur
1191 4088 1298 4173 optimi

180 4193 366 4260 Mutinensis
382 4197 532 4281 vestigia?
557 4199 664 4281 Neque
679 4220 736 4261 van
753 4196 804 4260 der
817 4197 888 4282 Mey
906 4197 1003 4276 docet,
1015 4220 1113 4283 neque
1129 4221 1186 4284 ego
1199 4200 1295 4267 video.

224 4308 278 4375 Vs.
302 4312 366 4374 359
390 4333 451 4395 sq.:

225 4428 345 4512 Μηδὲ
371 4427 466 4514 λίην
493 4432 661 4510 ἐπίφαινε·
687 4432 786 4496 κακὸν
812 4429 847 4494 δέ
872 4456 915 4503 τι,
941 4426 1054 4515 dev’,
1081 4434 1261 4513 ἐπιφαίνων

227 4547 369 4627 παιΙρονς
393 4545 571 4628 κηδεμόνας
595 4553 650 4629 σῆς
673 4553 851 4630 κακότητος
875 4547 969 4633 ἔχεις.

198 4719 200 4728 ,
227 4653 299 4718 Duo
324 4655 419 4740 prima
439 4656 530 4722 verba
554 4666 695 4744 corrupta
719 4679 785 4722 esse
809 4681 896 4724 nemo
914 4660 975 4724 iam
992 4658 1129 4741 dubitat,
1145 4658 1198 4724 sed
1213 4659 1300 4748 quale
