3270 5374
856 525 874 588 8

310 721 397 788 kium
421 720 490 808 Lyr.
512 720 560 784 ed.
581 720 636 785 III
658 744 686 806 p.
714 721 810 784 trac.
845 717 914 798 Quo
938 717 1005 783 loco
1021 717 1140 803 egregie
1156 715 1329 781 illustratur
1343 715 1448 781 The·-

311 836 442 921 ognidea
465 836 627 902 sententia.

356 952 453 1016 Miror
477 957 580 1016 autem
607 951 789 1036 Bergkium,
817 951 901 1015 cuius
925 948 981 1014 viri
1005 969 1130 1012 acumen
1154 954 1184 1010 et
1209 946 1375 1011 doctrinam
1391 945 1424 1010 in

310 1067 412 1153 paucis
443 1066 575 1132 admiror
605 1074 636 1130 et
665 1066 813 1156 suspicio,
844 1065 876 1129 in
909 1065 954 1129 ed.
986 1064 1038 1128 ΙΙΙ
1067 1062 1195 1128 subinde
1227 1063 1300 1126 talia
1324 1061 1424 1126 minus

311 1180 497 1246 considerato
525 1180 670 1266 recepisse
693 1180 726 1244 in
751 1186 885 1256 textum,
909 1178 981 1243 dum
1006 1185 1111 1242 contra
1134 1177 1293 1262 praeclaris
1317 1179 1424 1243 multis

312 1302 372 1361 tam
405 1297 468 1361 suis
498 1318 589 1381 quarn
617 1295 723 1360 alienis
748 1296 897 1371 inventis,
922 1317 1049 1380 quorum
1075 1317 1142 1379 pars
1165 1295 1198 1360 in
1221 1295 1353 1360 editione
1378 1317 1424 1359 se-

312 1411 410 1477 cunda
440 1417 559 1494 recepta
587 1417 662 1480 erat.
690 1410 788 1474 locum
816 1433 919 1474 rursus
943 1409 1141 1492 assignaverit
1164 1411 1196 1474 in
1220 1411 1423 1475 adnotatione.

292 1527 382 1591 ·Huo
416 1527 549 1611 pertinet
580 1548 607 1590 v.
634 1547 657 1590 c.
686 1524 767 1610 quod
797 1523 963 1590 eBekkeri
993 1525 1204 1590 emendatione
1236 1549 1277 1591 vs.
1304 1528 1368 1592 674
1391 1525 1425 1590 in

311 1641 445 1707 editione
466 1620 559 1706 altera
582 1641 703 1724 egregio
725 1638 882 1705 scribitur:
906 1639 1028 1726 ἧμάλα
1047 1669 1096 1716 τις
1114 1641 1260 1729 χαλεπῶς
1277 1645 1425 1720 σώζεται,

311 1757 361 1826 οἷ’
390 1759 537 1844 ἔρδουσι,
569 1761 671 1820 contra
695 1755 726 1818 iu
750 1754 912 1818 novissima
937 1752 1048 1839 absque
1072 1777 1161 1819 sensu
1184 1777 1251 1838 cum
1276 1755 1361 1819 libris
1384 1764 1425 1823 οἳ

311 1873 337 1938 d'
360 1872 499 1959 ‘r'pdoooa
546 1869 604 1934 Sed
632 1870 722 1933 redeo
750 1869 781 1932 in
807 1870 895 1935 viam.

333 1986 387 2051 Vs,
403 1989 476 2052 149.
501 1987 627 2054 Bactra
645 1985 672 2051 δ’
693 1987 846 2073 εὐσεβέων
863 1986 988 2069 ὀλίγοις
1010 1993 1082 2055 orla
1105 1997 1259 2074 χρήμασιν
1277 1993 1376 2056 οἰκεῖα

501 2111 521 2186 ἤ
545 2102 699 2168 πλουτεῖν
723 2101 843 2178 ἀδίκως
868 2109 1012 2188 χρήματα
1035 2109 1225 2183 πασάμενος.

310 2215 467 2293 Postulat,
504 2215 563 2278 uisi
595 2214 699 2291 fallor,
732 2214 809 2277 ratio
834 2213 1033 2291 Graecitatis,
1059 2221 1095 2278 ut
1118 2198 1336 2281 rescribamus:
1361 2218 1429 2283 ὀλί-

309 2359 378 2414 γοις
410 2337 451 2398 ἕο
485 2340 638 2419 χρήμασιν
671 2337 785 2397 οἰκεῖα.
834 2328 882 2393 Ita
914 2353 940 2396 v.
967 2353 991 2394 c.
1017 2331 1186 2416 Aeschylus
1208 2331 1241 2396 in
1265 2330 1428 2395 Eumenid.

311 2445 372 2510 757
399 2449 442 2513 ἕο
464 2474 497 2512 τε
524 2456 679 2533 χρήμασιν
700 2451 782 2512 οἰκεῖ
798 2454 971 2532 πατρῴοις.
996 2445 1128 2510 Verbum
1146 2453 1247 2510 autem
1264 2455 1428 2514 ουυοιαεῖυ

312 2558 487 2643 ubicunqne
517 2558 608 2623 habet
638 2557 781 2622 Dativum
813 2559 874 2638 rei,
906 2582 966 2623 non
990 2582 1151 2644 personae,
1185 2561 1244 2625 dici
1268 2561 1330 2625 fere
1354 2561 1432 2626 solet

314 2673 462 2738 derebus
486 2673 587 2738 malis:
606 2679 706 2762 φόβῳ,
732 2683 836 2760 γήρᾳ,
862 2678 1013 2760 ἀμαθίᾳ,
1041 2684 1161 2753 κακοῖς,
1187 2676 1253 2739 sim.

357 2787 409 2855 V's.
436 2791 506 2862 152Ἰ
533 2781 570 2856 οὗ
592 2789 700 2874 μέλλει
726 2794 862 2876 χώρην
886 2792 1047 2876 μηδεμίαν
1073 2793 1209 2875 θέμεναι
1232 2798 1263 2856 et
1278 2795 1341 2856 822
1359 2799 1433 2860 τυπί-

311 2932 376 2971 rear
400 2931 464 2970 τοι
490 2909 614 2992 χώρη,
642 2906 750 2989 der’,
772 2904 866 2990 ὀλίγη
883 2905 1018 2971 τελέθει.
1048 2904 1167 2988 Bergk,
1193 2906 1302 3014 collato
1319 2905 1433 2971 Latino

312 3017 459 3083 vocabulo
478 3040 568 3093 carc,
589 3016 727 3101 perhibet
751 3039 804 3101 pro
826 3023 891 3105 ὥρη
908 3016 1031 3083 Graecis
1050 3019 1222 3104 antiquitus
1238 3020 1350 3085 dictum
1368 3043 1433 3084 esse

314 3140 420 3223 χώρη,
446 3132 550 3215 itaque
574 3132 628 3195 hos
650 3131 733 3196 locos
756 3133 831 3196 vitio
855 3154 964 3197 carere.
990 3132 1062 3198 Non
1088 3134 1259 3219 negaverim
1276 3134 1432 3218 equidem,
1535 3165 1539 3172 ·

311 3248 383 3312 licet
409 3247 441 3311 id
468 3247 593 3311 minime
624 3249 719 3311 ausim
749 3247 946 3325 contendere,
974 3246 1152 3330 aliquando,
1183 3249 1245 3312 sive
1272 3255 1344 3312 ante
1371 3248 1435 3312 sive

310 3369 379 3446 post
401 3361 637 3436 Deucalionem,
665 3363 814 3446 gutturali
836 3363 926 3427 litera
944 3363 1083 3428 ditiorem
1101 3363 1193 3428 fuisse
1210 3364 1293 3429 illam
1311 3388 1433 3444 vocem,

311 3478 365 3541 sed
389 3484 489 3542 aetate
508 3476 694 3562 Theognidis
712 3477 843 3542 Graecos
859 3478 996 3542 homines
1015 3501 1068 3564 pro
1085 3501 1120 3542 ca
1137 3486 1222 3568 χώρη
1239 3479 1350 3543 dixisse
1366 3502 1435 3565 per·

316 3613 404 3676 quarn
418 3591 492 3655 mihi
507 3591 624 3656 videtur
637 3591 844 3676 improbabile,
857 3593 1033 3677 praesertim
1047 3592 1087 3657 ob
1099 3615 1237 3676 magnam
1252 3600 1434 3658 vetustatem

310 3704 548 3790 compositorum
574 3711 706 3789 εὔωρος,
735 3708 899 3792 ὀλίγωρος,
925 3710 1086 3795 πυλωρός,
1113 3716 1250 3793 υεωρος,
1275 3719 1433 3795 θυρωρός,

316 3828 456 3907 θεωρός,
482 3821 616 3885 aliorum.
664 3829 766 3909 Χώρη
788 3844 842 3907 pro
865 3829 931 3909 ὤρη
954 3846 1014 3887 non
1039 3824 1135 3908 magis
1159 3823 1216 3887 fide
1240 3823 1366 3908 dignum
1390 3833 1438 3890 est

310 3954 399 4017 quam
428 3957 469 3999 vs.
496 3937 559 3999 440
585 3939 692 4005 αι’ὄιου
713 3959 766 4021 pro
788 3940 887 4005 l'dror.
923 3937 1030 4001 Potius
1058 3935 1234 4002 crediderim
1257 3938 1435 4003 vocabulum

311 4047 462 4132 incepisse
493 4072 510 4112 a
542 4049 713 4134 digamma;
746 4052 793 4116 cui
824 4054 996 4116 sententiae
1028 4053 1128 4117 favere
1155 4053 1242 4117 video
1267 4053 1436 4137 Georgium

310 4161 453 4227 Curtium
477 4165 509 4228 iu
526 4164 621 4244 libro,
646 4165 697 4250 qni
715 4166 912 4232 inscribitur:
946 4165 1127 4254 Gaaauzupe
1150 4171 1205 4232 der
1224 4165 1435 4232 Gracchisclrca

317 4280 491 4366 etymolopa'c
514 4303 544 4364 p.
568 4284 608 4345 95
633 4288 664 4344 et
688 4285 762 4346 311.
787 4282 872 4362 Quae
896 4283 920 4346 si
946 4305 1014 4347 vera
1037 4283 1141 4367 opinio
1168 4289 1231 4359 est,
1254 4282 1353 4367 priore
1369 4283 1437 4346 loco

317 4392 501 4477 scripserim:
526 4389 561 4463 οὗ
585 4398 695 4480 μέλλει
712 4402 828 4485 ὤρην
856 4407 943 4477 art,
968 4398 1148 4483 posteriore:
1175 4404 1297 4465 radron
1318 4408 1437 4474 θεοῖς

314 4514 411 4595 ὤρη,
443 4508 556 4596 Κείροί,
593 4513 687 4598 ὀλίγη
721 4514 871 4592 τελέθει,
910 4519 944 4577 ut
968 4512 1083 4578 dudum
1110 4511 1241 4590 conieci,
1274 4519 1435 4596 antequam

319 4624 424 4688 scirem
448 4624 527 4691 idem
550 4626 610 4690 iam
634 4627 827 4712 proposuisse
850 4635 882 4692 et
907 4629 1116 4714 Hartungium
1140 4635 1171 4693 et
1192 4626 1369 4714 Borgkium.
