3270 5374
830 585 873 652 44

341 774 468 844 Prorsus
489 776 603 841 incerta
626 781 671 841 est
693 775 863 841 emendatio
886 797 1021 842 versuum
1049 779 1132 844 1201
1157 801 1232 866 sq.:

451 895 524 962 οὐδέ
547 921 600 980 μοι
624 897 750 980 ἡμίονοι
774 892 891 978 κύφων’
917 893 1066 961 ἕλκουσιν
1093 898 1244 982 α’ρότρου,

443 1019 498 1096 ’τῆ
507 1036 521 1086 ς
543 1008 685 1096 ἄλλης·
702 1018 861 1096 μνηςῆς
885 1011 991 1077 ιίνικα
1016 1009 1194 1098 ναυτιλίης.

341 1121 420 1188 Nam
442 1108 561 1209 praeter
575 1122 779 1201 coniecturas,
802 1145 876 1208 quas
892 1123 1043 1189 recensuit
1062 1125 1181 1210 Bergk,
1204 1125 1284 1190 haud
1299 1125 1410 1210 impro-

300 1237 440 1302 babiliter
463 1237 559 1323 possis
583 1244 652 1303 aut:
680 1247 750 1322 τῆς
772 1238 904 1325 ἄλλης
928 1244 996 1306 ἐπὶ
1020 1249 1091 1324 γῆς
1116 1245 1223 1310 εἵνεκα
1240 1241 1411 1328 ναυτιλίης

299 1359 370 1420 eut:
402 1361 495 1423 αι’ίν
527 1353 711 1440 α’λάστης
743 1353 852 1437 τῆσδ’
886 1357 992 1422 sibene
1020 1356 1197 1442 ναυτιλίης.
1245 1354 1295 1419 Vs.
1326 1357 1408 1420 1200

299 1470 493 1549 εὐαλθεῖς
523 1489 577 1553 pro
609 1471 807 1545 εὐανθεῖς
829 1486 896 1531 vere
917 1466 1047 1548 Heclner,
1072 1468 1104 1533 ni
1126 1468 1224 1536 fallor.
1272 1468 1353 1534 Mihi
1375 1469 1409 1534 iu

253 1645 255 1649 ,
298 1590 428 1650 mentem
451 1588 572 1648 venerat
594 1584 808 1670 ιθθηλιῒς,
833 1581 885 1647 sed
907 1581 984 1648 illud
1007 1583 1148 1668 praefero.

342 1699 423 1765 Fieri
446 1705 565 1785 potest,
591 1703 737 1783 utsupra
760 1710 827 1784 pag.
853 1700 895 1764 14
918 1697 1118 1763 calumniatus
1135 1697 1191 1762 sim
1206 1705 1339 1785 poetam,
1357 1699 1410 1785 qui

298 1814 389 1880 hodie
408 1813 558 1901 scripsisse
586 1813 718 1879 creditur
742 1835 782 1879 vs.
811 1815 892 1878 1247
919 1833 981 1898 sq.:

343 1937 512 2016 φρόντισον
534 1933 632 2019 ἔχθος
656 1935 730 2016 ίμὸν
758 1934 826 1996 καί
849 1930 1044 2016 ὑπέρβασιν,
1072 1932 1143 1997 ’ίσθι
1173 1932 1206 1998 de'
1232 1937 1325 2016 θυμῷ

343 2048 386 2124 ὥς
409 2048 434 2114 σ’
456 2045 504 2130 ἐφ’
529 2035 703 2132 α’μαρτιολῇ
723 2046 860 2128 τίσομαι,
884 2051 926 2119 ὡς
950 2043 1103 2128 δύναμαι,

301 2166 395 2244 utque
418 2159 504 2244 culpa
529 2158 570 2222 sit
592 2180 683 2243 penes
698 2155 855 2236 librarios,
879 2156 905 2222 is
920 2164 1021 2222 autem
1037 2157 1138 2242 paullo
1153 2157 1261 2223 melius
1277 2157 1411 2223 dederit:

476 2281 646 2361 φρόντισον
672 2277 771 2363 ὲήθος
795 2279 869 2359 ἐμὸν
895 2268 947 2340 δι’
967 2274 1144 2361 ὑπέρβασιν
1172 2280 1236 2340 κτὲ.

343 2389 395 2456 Vs.
420 2391 504 2454 1249
525 2410 606 2475 sqq.:

343 2514 421 2582 παῖ,
449 2509 484 2572 od
510 2509 568 2590 μὲν
594 2507 695 2582 αὕτως
717 2507 833 2582 ἵππος,
858 2506 925 2568 ἐπεί
950 2509 1076 2587 κριθῶν
1100 2505 1300 2590 ι’κορίσθης,Ι

344 2613 441 2696 αὖθις
469 2622 520 2685 ἐπί
547 2620 711 2701 σταθμοιίς
734 2616 854 2701 ἤλυθες
877 2618 1064 2702 ἡμετέρους,

344 2737 474 2822 ἡνίοχόν
498 2761 531 2801 τι
562 2737 677 2801 ποθῶν
701 2733 830 2814 aaaron
856 2730 997 2815 λειμῶνα
1021 2757 1054 2796 τε
1079 2730 1180 2798 καλόν

344 2856 462 2934 κρήνην
486 2876 519 2915 τι
543 2853 670 2950 φυηρην
694 2846 794 2913 ἄλσεα
814 2873 847 2914 τι
871 2854 988 2931 σκιερά.

342 2961 496 3026 Praeclare
518 2961 619 3046 Bergk
643 2959 793 3028 intellexit
815 2959 953 3026 lacunam
978 2961 1171 3026 statuendam
1196 2982 1259 3025 esse
1281 2965 1351 3045 post
1370 2983 1414 3026 vs.
1542 2965 1545 2972 ‘

304 3080 397 3145 1249.
446 3076 546 3156 „Nam
576 3075 650 3140 haec
673 3074 732 3138 fuit
755 3075 920 3141 sententia:
953 3074 1006 3140 ubi
1030 3075 1160 3140 satiatus
1185 3097 1235 3153 es,
1260 3074 1414 3160 abrumpis

302 3190 442 3272 ,svincula
456 3196 486 3256 et
497 3190 631 3275 aufugis:
648 3195 735 3275 post,
752 3189 804 3254 nbi
816 3189 909 3253 fames
922 3195 954 3253 te
967 3188 1094 3274 premit,
1110 3188 1189 3254 redis
1203 3189 1240 3254 ad
1250 3188 1413 3276 pristinum

302 3304 511 3387 „dominum”
539 3303 621 3370 Num
641 3304 721 3369 forte
739 3311 826 3388 putas
845 3303 934 3368 huius
954 3303 1226 3388 argumentationis
1248 3303 1405 3369 veritatem

301 3421 393 3486 everti
415 3421 470 3500 iis,
498 3442 573 3506 quae
595 3441 652 3485 vau
678 3419 731 3484 der
754 3417 824 3502 Mey
844 3417 986 3503 opposuit
1010 3418 1126 3484 scilicet
1149 3441 1181 3504 p.
1201 3419 1241 3483 47
1259 3418 1412 3485 scribens:

303 3534 395 3616 „Non
427 3541 472 3601 cst
500 3535 616 3600 lacuna.
654 3532 853 3619 Comparatur
885 3555 960 3617 puer·
982 3554 1047 3597 cum
1073 3531 1181 3618 equ0.”
1230 3533 1338 3619 (Quasi
1362 3541 1415 3601 aut

299 3639 413 3736 Bergk'
426 3656 478 3716 aut
501 3649 661 3735 quisquam
685 3649 742 3714 hoc
763 3648 884 3733 ignoret
893 3649 913 3734 l)
941 3647 1045 3728 „Pone
1068 3647 1224 3734 spiritum,
1242 3648 1285 3713 ita
1300 3649 1414 3734 pergit,

189 3763 192 3770 ’
302 3787 458 3851 „asperum
472 3764 504 3830 in
517 3763 647 3828 secunda
670 3761 782 3849 syllaba
805 3761 942 3827 vocabuli
963 3767 1066 3842 αὕτως
1082 3768 1112 3828 et
1128 3761 1229 3827 divide
1245 3760 1322 3832 αὖθ’
1339 3754 1418 3843 ώς.”

302 3879 370 3945 Ηοο
400 3901 485 3959 vere;
520 3879 573 3943 sed
606 3877 721 3943 dudum
749 3882 906 3941 monuerat
943 3878 1109 3964 Emporius.
1158 3876 1249 3961 (Vide
1289 3877 1415 3962 Bergkii

301 3993 418 4075 adnot.)
472 3993 568 4079 Atqui
602 3993 666 4079 ipsa
698 3993 748 4058 illa
781 3991 915 4058 eiusdem
957 3991 1095 4057 vocabuli
1133 3992 1275 4078 repetitio
1303 3991 1416 4057 indicio

301 4114 366 4187 est,
391 4108 537 4174 nonnulla
559 4108 639 4173 inter
662 4131 705 4174 vs.
736 4108 819 4174 1249
843 4113 873 4172 et
900 4108 982 4172 1250
1006 4105 1205 4172 intercidisse.

344 4220 398 4288 Vs.
425 4223 507 4288 1207
533 4244 600 4308 sq.:

434 4330 458 4402 ὦ
482 4346 543 4404 παῖ
550 4385 559 4416 ,
583 4339 829 4420 κινδύνοισι
852 4337 1152 4419 πολυπλάγκτοισιν
1176 4341 1283 4422 όμοῖσς

432 4455 552 4538 ὀργήν,
576 4451 693 4520 ἄλλοτε
719 4462 802 4531 τοῖς,
828 4453 945 4520 ἄλλοτε
970 4461 1077 4521 τοῖσι
1107 4451 1261 4536 φιλεῖν·

343 4563 415 4628 Non
440 4564 515 4629 male
535 4564 615 4629 idem
637 4587 693 4630 van
718 4566 771 4629 der
795 4565 877 4652 Mey,
899 4566 945 4632 cll.
971 4587 1027 4630 vss.
1057 4565 1244 4643 1071-74,
1269 4561 1417 4630 coniecit:

303 4688 396 4757 τοῖς
437 4681 608 4765 ἐφέποι,
645 4680 726 4767 quod
762 4687 865 4746 tamen
889 4703 925 4745 an
950 4686 1084 4766 praestet
1118 4679 1291 4766 Bergliano
1325 4687 1418 4756 τοῖς

1346 4865 1348 4918 Ι

1352 4978 1358 5034 l

1356 5049 1361 5102 l
