3270 5374
865 559 907 622 ct

329 765 383 808 cur
405 742 503 829 Bergk
528 744 655 810 mutarit
669 744 701 810 in
718 747 780 814 καλ
797 747 865 814 λῖθ’
885 745 920 831 (i.
940 768 965 812 e.
992 754 1075 817 κατὰ
1092 747 1180 834 λῖτα)
1198 751 1318 826 εὕδειν·
1335 749 1449 837 quode

331 859 555 946 corruptissima
566 861 700 926 lectione
713 860 855 927 Vaticani
867 860 978 928 codicis
992 865 1168 949 (κάλλισθ’)
1182 865 1303 944 elicuit,
1316 889 1377 930 non
1390 889 1450 930 ma·

331 975 376 1058 gis
396 997 452 1060 ego
475 975 623 1062 intellego
633 1004 643 1057 3
659 999 748 1063 quam
771 977 925 1044 intellexit
941 999 999 1042 ven
1017 977 1070 1042 der
1083 978 1156 1064 Moy
1171 1001 1202 1064 p.
1223 981 1282 1057 36,
1299 979 1391 1066 idque
1415 1003 1451 1045 eo

329 1089 442 1167 minus,
467 1090 547 1174 quod
573 1113 615 1155 vs.
645 1093 730 1157 1336
755 1092 886 1176 legitur:
911 1093 995 1160 εὕδέι
1019 1099 1075 1162 odo
1100 1095 1188 1180 καλῷ
1211 1095 1305 1162 παιδί
1331 1124 1452 1185 πανη-

329 1207 471 1291 μέριον.
496 1205 609 1271 Melius
633 1207 663 1270 in
681 1207 880 1292 sequentibus
897 1207 1058 1292 recepisset
1072 1208 1228 1294 'egregiam
1245 1231 1328 1274 suam
1346 1232 1451 1276 emen·

331 1316 501 1383 dationem:
522 1317 643 1389 roilvmr
667 1322 762 1390 οὐδὲν
783 1323 833 1406 ἄρ’
849 1321 887 1407 ἦν
912 1344 966 1406 pro
990 1331 1110 1391 τούτων
1136 1325 1231 1392 οὐδέν
1255 1353 1315 1393 τοι
1339 1333 1404 1394 ιιτὲ.

374 1429 426 1498 Vs.
453 1435 537 1498 1135
562 1457 645 1520 sqq.:

310 1605 311 1610 ,
420 1547 535 1627 Ἐλπίς
560 1553 594 1618 ἓν
620 1543 809 1636 ἀνθρώποις
832 1559 934 1637 μοάνη
958 1558 1033 1628 θεὸς
1057 1554 1157 1638 ἐσθλή
1181 1556 1310 1632 ἕνεςιν,

417 1664 513 1730 ἄλλοι
539 1663 567 1730 δ’
586 1662 791 1750 Οὐλυμπόνδ’
817 1667 1069 1751 ἐκπρολιπόντες
1092 1670 1195 1755 ἔβαν·

418 1785 520 1868 ᾤχετο
543 1786 602 1864 μὲν
628 1785 744 1860 Πίςις,
771 1783 893 1868 μεγάλη
917 1791 1007 1864 θεὸς,
1032 1789 1133 1868 ᾤχετο
1158 1782 1185 1847 δ’
1202 1784 1365 1869 ἀνδρῶν

418 1902 637 1982 Σωφροσάνη·
661 1899 805 1981 Χάριτές
829 1899 867 1976 τ’,
894 1891 918 1964 ὦ
946 1898 1036 1981 φίλε,
1062 1907 1122 1982 γῆν
1148 1898 1274 1968 ἔλιπον.

374 2008 554 2088 Neminem,
580 2009 632 2093 qui
657 2010 714 2074 hoe
737 2017 824 2096 agat,
849 2010 942 2075 latero
967 2016 1081 2096 potest,
1110 2011 1288 2078 vocabulum
1311 2017 1452 2101 ἀνδρῶν,

329 2126 354 2190 si
386 2126 537 2211 propriam
569 2126 598 2190 h.
632 2127 653 2191 l.
678 2147 766 2191 suem
791 2126 850 2191 vim
875 2148 992 2192 serrare
1018 2135 1183 2207 censeatur,
1207 2128 1346 2214 ineptum
1371 2152 1454 2209 esse,

329 2242 376 2305 sin
400 2242 534 2326 positum
558 2263 623 2306 esse
646 2263 700 2327 pro
724 2245 922 2327 ἀνθρώπων,
948 2241 1084 2334 turpitur
1107 2242 1259 2308 abundare
1276 2249 1308 2307 et
1322 2251 1454 2333 στοιβῆς

329 2357 393 2422 vioe
416 2357 513 2443 fungi.
538 2355 705 2436 Quocirca,
730 2379 823 2442 quum
839 2356 981 2440 ,genuina
1004 2379 1061 2421 vox
1085 2357 1247 2422 excidisset
1262 2364 1317 2423 aut
1331 2381 1455 2425 euanes-

330 2481 418 2539 oente
440 2473 589 2558 scriptura
611 2473 672 2558 legi
694 2495 756 2538 non
781 2481 900 2559 posset,
924 2471 1119 2557 impudenter
1141 2495 1159 2536 a
1183 2471 1316 2538 librariis
1331 2474 1455 2560 supple-

331 2595 397 2652 tum
421 2609 486 2652 esse
502 2587 690 2653 crediderim.
715 2587 799 2669 Quid
817 2589 934 2653 dederit
948 2589 1015 2672 ipse
1030 2593 1136 2673 poeta,
1160 2595 1314 2686 procerte
1330 2590 1455 2674 quidem

330 2702 391 2768 dici
417 2701 508 2768 hodie
533 2724 595 2767 nou
612 2707 728 2787 potest,
751 2703 895 2789 opprimis
912 2710 1030 2782 tamen,
1055 2725 1103 2767 me
1117 2703 1235 2784 iudice,
1260 2706 1453 2772 conueniret:

417 2826 517 2908 ᾤχετο
540 2824 600 2906 μὲν
626 2823 740 2900 Πίςις,
765 2821 924 2906 μεγάλη
946 2826 1063 2897 θεὸς,
1087 2825 1188 2908 ᾤχετο
1213 2821 1361 2908 δὀἱγνφ

417 2939 637 3020 Σαφροσάνη·
664 2939 729 2999 κτὲ.

373 3049 483 3130 Ἁγνή
516 3045 599 3110 euim
631 3046 651 3111 i.
676 3069 700 3112 e.
728 3058 853 3122 sancta,
886 3045 1029 3131 frequens
1053 3047 1178 3113 dearum
1201 3048 1377 3136 epitheton,
1401 3051 1454 3116 vix

330 3160 384 3224 ulli
420 3160 491 3224 deae
524 3161 627 3246 aptius
661 3167 709 3224 est
742 3183 832 3246 quam
867 3162 1101 3247 Temperantiae
1133 3185 1169 3228 ac
1198 3162 1378 3232 Modestiae.
1410 3207 1454 3216 ——

329 3273 507 3360 Sequuntur
530 3274 562 3340 hi
586 3297 646 3340 vss.
670 3274 801 3340 feliciter
824 3275 979 3341 emendati
1001 3298 1019 3341 a
1042 3277 1150 3363 Meyo:

460 3397 550 3477 ὅρκοι
575 3389 604 3458 d’
621 3393 730 3462 οὐκέτι
755 3398 843 3472 πιςοὶ
868 3397 903 3460 ἐν
928 3395 1134 3478 ἀνθρώποισι
1159 3397 1346 3482 βιαίοις,

461 3507 535 3573 οὐδὲ
559 3511 655 3586 θεούς
679 3510 784 3584 οὐδείς
806 3511 921 3587 ἅζεται
942 3510 1154 3584 ἀθανάτους·

330 3617 383 3682 ubi
413 3618 445 3683 iu
477 3617 564 3685 libris
594 3629 642 3684 est
676 3623 860 3696 δίκαιοι,
898 3643 974 3706 quae
1006 3621 1098 3688 verba
1128 3621 1322 3707 excipiuntur
1351 3623 1452 3704 hisco,

328 3733 514 3820 depravatis,
539 3735 565 3798 si
589 3735 663 3820 quid
686 3735 788 3816 video,
812 3744 843 3801 et
866 3737 957 3822 ipsis:

394 3851 600 3940 εὐσεβέων
626 3853 652 3918 d’
666 3852 797 3938 ἀνδρῶν
822 3855 916 3933 γένος
939 3855 1093 3936 ἔφθιται,
1118 3852 1192 3922 οὐδὲ
1217 3855 1353 3938 θέμιςας

393 3968 538 4034 οὐκέτι
562 3971 776 4050 γιγνώσκονά
793 3970 866 4037 οὐδὲ
889 3973 948 4052 μὲν
975 3969 1184 4056 εὐσεβίας.

214 4167 217 4174 .
326 4077 376 4143 Sic
408 4079 489 4145 euim
520 4080 667 4165 scriptum
698 4091 733 4145 ut
765 4080 856 4146 hodie
888 4081 1040 4160 scribitur,
1069 4081 1126 4148 hoe
1152 4080 1306 4146 distichon
1328 4082 1451 4168 egregio

326 4200 415 4280 poeta
439 4233 481 4242 -
505 4217 596 4280 quem
620 4196 828 4281 Theognidem
852 4219 935 4278 esse,
961 4198 1039 4264 nihil
1059 4205 1106 4263 est
1120 4198 1202 4282 quod
1218 4197 1391 4262 dubitemus
1405 4235 1450 4250 ·-

325 4308 572 4394 indignissimum
604 4333 668 4375 esse
698 4312 821 4388 iudico,
857 4313 1031 4398 praesertim
1065 4313 1249 4399 praegressis
1272 4313 1347 4380 illis:
1373 4316 1448 4383 οὐδὲ

325 4430 400 4504 θεὸς
431 4427 535 4503 οὐδεὶς
566 4429 681 4506 ἅζεται
711 4432 913 4508 ἀθανάτοις,
944 4429 1055 4514 quibus
1087 4427 1258 4512 aequalium
1290 4427 1448 4493 hominum

325 4541 515 4628 δνσσιβιίαν
536 4539 597 4606 iam
617 4541 836 4626 exagitaverat.
873 4543 904 4608 Si
923 4566 970 4607 me
987 4544 1091 4624 audis,
1108 4540 1277 4607 arctissime
1293 4541 1447 4626 iungenda

313 4661 398 4733 ,sunt
423 4654 527 4722 verbe:
552 4657 626 4728 οὐδὲ
652 4662 747 4736 &sodo
766 4697 806 4706 -
823 4661 977 4742 ἔφθιται,
1003 4657 1114 4724 deinde
1130 4677 1200 4738 pero
1217 4655 1445 4741 corrigendum:
