3270 5374
292 802 350 876 ὣςε
378 826 410 866 οε
435 807 510 883 μήτε
534 799 607 886 λίην
631 802 750 883 οέφνεόν
775 808 934 868 κτεάτεσσι
959 801 1131 882 γενέσθαι,
1200 816 1205 830 “

290 922 365 999 μήτε
387 915 420 980 σε’
439 910 471 996 y’
496 919 526 992 ἐς
550 914 672 998 πολλὴν
699 919 897 1016 χρημοσιλνην
922 915 1042 982 ἐλάσαι.

153 1027 276 1092 Iterum
300 1027 407 1091 haereo
430 1050 471 1092 vs.
495 1029 576 1092 aar:

248 1143 315 1210 οὐδ’
340 1149 368 1208 εἶ
390 1151 487 1227 γῆρας
510 1147 612 1220 ἵκοιο,
638 1149 677 1210 τὰ
702 1152 846 1230 χρήματα
866 1145 963 1212 πάντ’
982 1144 1159 1230 ἀποδραίη,

151 1255 211 1340 qui
244 1239 285 1320 us.
309 1256 383 1320 mire
413 1255 525 1342 exeipit
556 1278 779 1341 praegressum,
809 1255 861 1320 uhi
888 1256 949 1320 iam
977 1255 1160 1342 paupertatis
1189 1276 1272 1319 meu-

151 1369 271 1432 tionem
294 1369 403 1434 faotam
425 1394 490 1436 esse
510 1373 663 1450 videmus;
685 1393 724 1436 ne
748 1370 843 1435 diuam
865 1370 1002 1436 vooulam
1027 1381 1070 1440 ἄν
1095 1369 1170 1434 male
1193 1368 1270 1432 desi-

152 1484 267 1550 derari.
312 1484 444 1552 Videant
466 1487 526 1552 alii.

203 1599 259 1664 Vs.
286 1599 346 1664 947
372 1623 441 1686 ειμι,

249 1717 401 1804 Πατρίδα
426 1727 584 1804 κοσμήσω,
613 1719 752 1805 λιπαρὴν
776 1718 891 1794 πόλιν,
916 1715 984 1784 οὔτ’
1008 1720 1063 1783 ἐπὶ
1089 1717 1175 1802 δήμῳ

249 1834 370 1918 τρέψας
392 1831 457 1897 οὔτ’
482 1831 606 1908 οἷδίιιοις
628 1835 762 1918 ἀνδράσι
784 1839 989 1915 πειθόμενος,

151 1942 277 2007 Solonis
308 1965 371 2008 esse
403 1944 547 2028 suspicor.
595 1945 736 2013 ‘'Adraoc
760 1947 886 2031 ἄνδρες,
912 1944 964 2029 qui
992 1943 1056 2009 hl.
1079 1947 1273 2028 opponuntur

151 2061 247 2144 δήμῳ
264 2057 333 2143 (hos
349 2059 430 2143 ipsos
452 2063 568 2136 κακούς
584 2065 614 2122 et
634 2060 757 2136 δειλούς
775 2065 859 2122 vocat
878 2058 1043 2142 Theognis,
1062 2057 1169 2142 hisque
1186 2077 1274 2120 omne

152 2167 331 2238 iniustitiae
342 2196 439 2258 genus
457 2173 586 2261 tribuit),
603 2175 748 2258 oligarohi
761 2197 825 2238 esso
839 2174 990 2238 videntur.
1014 2173 1105 2237 Solon
1117 2194 1213 2256 neque
1228 2171 1275 2235 illi

150 2308 257 2370 noque
280 2287 327 2351 his
354 2287 481 2372 patriam
509 2310 594 2352 suam
621 2288 744 2352 tradeus
768 2287 829 2372 (Of.
856 2289 917 2353 Sol.
948 2290 982 2356 tr.
1013 2293 1048 2369 4,
1074 2293 1109 2368 5,
1139 2289 1198 2368 36,
1220 2288 1275 2366 37)

149 2401 278 2487 legibus
293 2423 359 2467 eam
382 2402 510 2468 ornavit.
536 2411 667 2490 Λιπαρὴ
684 2406 778 2480 πόλις
796 2409 866 2488 apte
884 2403 1027 2469 dicuutur
1046 2404 1194 2468 Athenae.
1219 2402 1275 2466 Est

149 2523 269 2602 dodun
294 2525 366 2602 τιμή
391 2517 453 2589 illa,
480 2539 570 2603 quam
593 2517 669 2581 salse
693 2517 773 2581 ridet
797 2517 1023 2603 Aristophanes.
1048 2517 1095 2582 Of.
1123 2517 1272 2582 Pindarus

149 2630 248 2696 Nem.
269 2630 314 2695 IV
329 2634 386 2710 29,
410 2631 517 2696 isthm.
545 2631 651 2699 1130.
676 2631 793 2698 Notum
818 2639 864 2698 est
879 2633 1017 2698 omnibus
1032 2633 1271 2718 pulcherrimum

151 2743 236 2808 illud
248 2744 370 2810 Pindari
382 2746 522 2811 carminis
541 2747 764 2830 fragmentum,
781 2745 862 2831 quod
882 2748 1011 2811 comicus
1024 2747 1124 2812 innuit
1137 2747 1183 2830 (fr.
1199 2749 1271 2831 54)ι

203 2844 251 2928 ³52
273 2867 325 2929 ταὶ
351 2861 487 2949 λιπαραὶ
516 2867 570 2929 καὶ
592 2863 755 2944 ιὀςὲφανοι
782 2867 835 2928 καὶ
859 2864 1000 2946 αόίδιμοι

201 2974 359 3055 Ἑλλάδος
382 2981 519 3062 ἔρεισμα,
537 2977 660 3044 κλειναὶ
679 2977 848 3052 Ἀθᾶναι,
875 2978 1043 3060 δαιμόνιον
1067 2973 1271 3059 πτολίεθρον.

153 3089 246 3156 Adde
261 3089 362 3176 Eurip.
379 3089 447 3175 Iph
465 3090 498 3155 Τ,
518 3092 614 3169 1130,
632 3089 695 3154 Alo.
714 3091 788 3170 454,
809 3089 877 3154 Tro.
895 3093 971 3170 801,
991 3088 1082 3154 Arist.
1100 3087 1154 3172 uq.
1168 3086 1271 3165 1327,

152 3204 286 3270 Acharn.
313 3205 376 3268 639
399 3227 459 3290 sq..
493 3203 575 3269 Nub.
601 3207 674 3269 300.
721 3204 796 3271 Non
819 3211 920 3269 tamen
948 3203 1060 3268 idoiroo
1086 3222 1166 3286 nego
1199 3200 1272 3265 alias

154 3341 277 3406 quoque
303 3319 388 3384 urbes
415 3342 431 3382 a
458 3319 555 3404 poetis
579 3319 681 3384 eodem
704 3320 838 3406 epitheto
862 3326 983 3384 ornatas
1005 3318 1108 3382 fuisse.

201 3434 254 3499 Vs.
282 3436 471 3512 949-054,
506 3456 593 3520 quoe,
626 3441 706 3498 recte
738 3439 857 3498 vetante
886 3433 1035 3518 Bergkio,
1065 3428 1271 3494 infelicissima

153 3549 328 3616 oonieotura
358 3548 509 3614 coniector
540 3547 728 3612 felicissimus
757 3547 879 3612 Heokor
918 3545 1021 3611 Soloni
1048 3542 1214 3623 tribuebat,
1245 3542 1270 3605 si

152 3663 209 3749 qui
242 3663 292 3727 alii
325 3663 515 3728 mentiuntur
542 3685 651 3727 nomen
685 3661 889 3747 Theognidis,
908 3662 1005 3726 ¹ouius
1035 3681 1142 3725 aevum
1169 3657 1271 3742 arguti

153 3777 304 3844 eiusmodi
338 3777 423 3843 lusus
453 3783 483 3842 et
510 3777 680 3862 aenigmata
707 3770 830 3842 minimo
858 3777 987 3863 sapiant.
1032 3775 1156 3840 Lubrioi
1180 3795 1268 3857 argu-

153 3893 251 3958 menti
282 3915 345 3958 esse
380 3892 493 3957 dudum
524 3892 763 3958 animadversum
795 3897 841 3956 est
873 3915 891 3956 a
924 3890 993 3956 uiris
1028 3888 1134 3953 doctis.
1193 3885 1269 3950 (lum

43 4051 50 4072 .
155 4009 225 4073 aliis
248 4007 399 4072 nonnullis
423 4007 559 4094 digniora
578 4015 650 4073 sunt
672 4008 767 4073 altero
789 4007 842 4071 illo
859 4007 1023 4092 elegiarum
1045 4002 1138 4078 libro,
1158 4002 1194 4066 de
1210 4023 1269 4086 quo

155 4122 382 4210 supradictum
407 4129 464 4188 est.
492 4123 564 4188 'Duo
589 4123 687 4188 ultimi
710 4145 833 4188 versus:

245 4239 369 4324 πρήξας
393 4235 423 4305 δ’
445 4241 501 4306 οὐκ
526 4241 683 4326 ἔπρηξας,
709 4243 762 4305 καὶ
786 4239 842 4304 οὐκ
864 4235 1012 4304 ἐτέλεσσα
1036 4232 1198 4310 τελέσσας,
1261 4260 1270 4283 ·

248 4354 365 4439 δρήσας
389 4353 420 4421 δ’
441 4356 497 4422 οὐκ
522 4355 637 4442 ἐ’δρησ’,
662 4363 763 4441 ἤνυσα
785 4355 841 4420 οὐκ
864 4356 984 4426 α’ννσας

156 4471 264 4552 quator
287 4467 411 4533 eandem
436 4491 515 4545 rem,
541 4469 577 4534 de
596 4491 655 4554 qua
678 4469 713 4535 of.
730 4467 886 4547 Welolrer,
909 4472 955 4530 sat
978 4463 1081 4550 inepte
1101 4461 1269 4545 significare

156 4581 308 4648 videntur.

203 4695 252 4760 Vs.
281 4698 341 4760 966
364 4716 431 4762 vere
455 4720 511 4763 vau
532 4698 584 4763 der
610 4698 698 4784 Moy:
