3270 5374
841 562 881 622 aa

301 748 422 831 floreat,
448 744 546 812 Amor
566 745 671 810 relicta
692 747 791 810 catali
816 745 917 834 Cypro
940 749 1073 813 lonciaco
1093 747 1215 812 invadit.
1251 744 1309 808 Sed
1324 765 1415 826 qnor-

301 883 367 926 aum
389 861 464 924 iata:
485 861 607 949 σπέρμα
627 863 730 948 φέρων
751 871 856 930 κατὰ
880 861 975 946 yr'pr?
1003 860 1197 927 Tolerabilius
1224 881 1296 924 sane
1317 858 1414 922 foret:

411 971 489 1042 εἶσιν
513 971 561 1042 ἐπ’
586 979 781 1062 ἀνθρώπους
803 980 929 1062 σπέρμα
950 979 1071 1064 φέρων,
1093 975 1194 1044 καλὲ
1213 983 1298 1042 παῖ.

344 1086 455 1152 Nescio
471 1094 572 1152 tamen
587 1109 625 1154 an
642 1089 743 1173 potius
759 1089 867 1155 lacuna
882 1091 1045 1156 statuenda
1061 1090 1102 1155 rit
1119 1095 1189 1175 poet
1204 1092 1413 1176 ἀνθρώπους.

342 1200 395 1268 Vs.
413 1203 514 1268 luat:
539 1205 705 1290 στρέψον
719 1206 748 1271 δ’
762 1201 860 1283 αὖθις
874 1212 904 1286 ἐς
918 1208 1124 1293 εὐφροσύνας.
1150 1202 1228 1266 Vere
1243 1204 1363 1290 τρέψον
1388 1198 1416 1290 1)

301 1315 472 1381 emendavit
502 1316 642 1381 vander
668 1317 747 1405 May,
779 1320 864 1384 cuine
891 1319 1070 1405 neutiquam
1092 1316 1246 1404 probanda
1269 1315 1413 1380 correctio

302 1450 406 1494 verane
431 1429 530 1494 1344:

430 1548 491 1612 οὐ
514 1552 574 1634 γὰρ
598 1550 796 1637 ἀεικελίῳ
819 1552 913 1618 παιδὶ
937 1552 1084 1636 δαμεὶς
1108 1556 1241 1636 ἐφάνην,

303 1659 355 1726 ubi
378 1659 539 1744 vulgatur:
566 1661 603 1728 orl
624 1666 684 1745 γὰρ
708 1665 764 1730 ἐπ’
787 1665 965 1750 aizal-lap
987 1673 1055 1731 κτὲ.

346 1774 425 1842 Nam
435 1774 544 1840 dicitur
555 1775 675 1860 quidem
688 1783 794 1864 πόθῳ,
809 1779 914 1866 ἱμέρῳ,
929 1781 1033 1865 ἔρωτι,
1049 1774 1257 1862 similibusque
1270 1778 1413 1859 δαμῆναι

302 1891 435 1969 παιδός,
460 1911 520 1956 non
545 1911 614 1954 aero
630 1893 742 1970 παιδί,
762 1897 796 1956 ut
819 1891 955 1959 arbitror.
992 1894 1184 1978 Quapropter
1209 1891 1309 1956 verius
1324 1889 1418 1954 duco:

454 2009 491 2075 orl
516 2011 575 2094 γὰρ
596 2004 653 2076 ἐπ’
677 2007 808 2093 αἰπολίῳ
832 2012 926 2077 παιδὶ
946 2018 1097 2095 μανεὶς
1123 2014 1259 2094 ἐφάνην.

304 2115 397 2184 Verbi
420 2117 649 2204 ἐπιμαίνεσθαι
673 2119 705 2185 in
727 2142 758 2184 re
780 2123 925 2187 amatoria
948 2145 1020 2187 nans
1040 2121 1217 2187 notissimus
1240 2126 1294 2184 est.
1341 2116 1419 2198 Quia

302 2231 423 2317 ignorat
446 2234 646 2298 Anacreontis
668 2234 738 2299 illa:

545 2351 753 2439 Κλεοβούλου
776 2357 835 2437 μὲν
859 2352 952 2435 ἔγωγ’
978 2357 1053 2438 ἐρῶ,

544 2467 801 2554 Κλεοβούλῳ
825 2467 853 2534 δ’
879 2473 1177 2552 ἐπιμοίνομοιι,

416 2622 423 2646 .
548 2581 755 2669 Κλεόβουλον
778 2582 812 2648 δὲ
840 2581 993 2650 banonico?
1068 2639 1071 2646 ,

305 2690 452 2756 Similiter
474 2691 505 2757 in
531 2713 595 2780 sqq.
621 2715 663 2759 ra.
692 2695 776 2758 1349
797 2715 840 2778 sq.
864 2693 945 2759 hand
968 2692 1057 2758 dubie
1080 2690 1257 2777 legendum:

853 2829 857 2846 ¹
947 2812 1063 2878 οὕνεκα
1090 2807 1179 2888 κοίνὼ

483 2926 690 3010 ἐξεμάνην
715 2925 813 2993 καλοῦ
838 2925 954 3002 παιδὸς
977 2927 1069 3012 ἔρωτι
1098 2923 1225 3006 δαμείς,

306 3034 460 3121 quodiam
477 3035 573 3101 Orelli
588 3037 723 3122 reposuit
738 3061 792 3122 pro
811 3047 826 3107 ἐ
835 3045 853 3120 ξ
864 3067 876 3106 ε
887 3042 905 3108 δ
914 3050 1021 3126 ἀμην
1045 3031 1228 3113 coniectura,
1244 3053 1292 3097 me
1307 3028 1419 3112 indice,

304 3149 458 3234 aliquanto
473 3149 675 3235 probabiliore
697 3174 788 3237 quam
802 3175 852 3231 ea,
873 3176 933 3237 qua
957 3153 1075 3237 Sauppe
1098 3149 1251 3234 rescripsit
1268 3150 1420 3233 ἐξεδάην,

304 3264 385 3348 quod
412 3271 447 3329 ut
474 3286 607 3354 unquam
638 3265 745 3332 Graeci
764 3268 903 3333 'dixerint
935 3289 988 3353 pro
1017 3270 1149 3354 ἐξεκάην
1181 3263 1266 3329 valde
1299 3245 1421 3340 vereor,

304 3378 545 3464 quandoquidem
562 3380 615 3446 illa
630 3380 726 3448 forma
742 3382 791 3447 uei
814 3389 885 3448 sunt
902 3403 956 3467 pro
972 3384 1189 3471 ἐξεδιδάχθην
1210 3403 1232 3446 s.
1251 3383 1422 3465 ἐξέμαθον.

349 3492 495 3558 Memoria
522 3501 624 3560 autem
648 3495 826 3580 dignissima
857 3503 904 3562 eat
928 3497 1003 3562 civis
1029 3496 1089 3561 mei
1114 3495 1287 3562 coniectura
1308 3515 1337 3577 p.
1362 3495 1420 3570 52,

307 3630 348 3674 vs.
376 3611 459 3676 1372
485 3610 676 3678 scribendum
699 3633 779 3677 erae:
848 3693 850 3698 Ι

504 3727 588 3794 ἀλλὰ
612 3729 845 3817 tutacula
870 3732 925 3797 καί
948 3755 996 3805 τις
1017 3731 1102 3806 lacer
1125 3734 1225 3815 χάρις.

305 3859 359 3922 pro
382 3839 545 3926 depravata
566 3839 710 3906 librorum
733 3841 898 3930 scriptura:

482 3956 555 4024 ἀλλ’
579 3962 594 4024 ε’
603 3986 621 4025 ν
645 3985 711 4027 τοι
736 3964 864 4046 ταύτῃ
892 3963 947 4025 καί
968 3986 1016 4035 τις
1039 3959 1123 4036 targa
1145 3963 1244 4042 χάρις,

308 4069 389 4134 unde
412 4070 513 4155 Bergk
537 4071 634 4136 lenius
656 4071 794 4156 quidem,
814 4072 880 4137 'aed
904 4071 1011 4137 dubito
1037 4092 1075 4135 an
1106 4091 1197 4157 aeque
1220 4067 1357 4145 feliciter,
1382 4065 1422 4128 si-

307 4184 371 4249 mili
398 4184 546 4251 sententia
568 4185 688 4252 elicuit:
900 4183 903 4190 ’

600 4302 684 4369 ἀλλὰ
709 4304 803 4391 δοίῃ
828 4309 961 4391 ταύτῃ
982 4309 1047 4369 acl.

341 4564 364 4626 1)
383 4563 521 4612 Contrarias
543 4577 609 4612 error
635 4563 782 4627 castigandae
807 4562 868 4626 apud
893 4562 1009 4611 loannem
1030 4561 1201 4610 Damracannm
1217 4557 1291 4618 lllll,
1309 4556 1339 4610 87
1351 4592 1357 4614 ,
1382 4554 1422 4605 ubi

307 4656 586 4729 ὀνοτροφόμοοος
603 4657 740 4708 mutandum
757 4661 793 4706 cat
811 4655 835 4705 ic
853 4652 1147 4724 ἀναςρεφόμονος.

1602 1686 1611 1809 l
