3270 5374
861 552 900 618 18

362 745 433 808 Sine
456 768 561 810 caussa
584 744 622 808 de
646 745 722 809 vitio
745 750 883 847 suspecta
907 751 955 808 est
977 767 1012 808 ac
1033 750 1171 810 tentatur
1193 767 1237 808 va.
1264 743 1345 810 267:

400 931 403 940 ,
449 869 552 943 ννωτή
577 888 625 926 τοι
649 865 744 947 πενίη
765 889 801 941 νε
827 865 881 926 καὶ
907 861 1062 946 cil-dorcic]
1087 888 1145 946 resp
1172 865 1285 940 ἐοῦσα,

315 975 336 1040 i.
360 997 385 1039 e.
410 975 486 1038 nosti
504 997 578 1040 scae
600 975 673 1062 qaid
686 975 724 1037 sit
735 985 923 1060 paupertas,
941 975 1010 1038 licat
1025 974 1128 1038 aliena
1143 973 1195 1051 ait,
1214 974 1233 1036 i.
1248 995 1273 1039 a.
1290 973 1358 1037 licet
1371 973 1438 1059 apsa

310 1112 436 1176 pauper
456 1114 517 1154 noa
532 1091 580 1156 sis.
606 1089 722 1168 Verba,
745 1091 779 1154 ni
794 1090 890 1168 fallor,
916 1089 989 1155 satis
1005 1091 1177 1176 perspicua,
1194 1087 1304 1176 quibus
1319 1089 1436 1175 optime

314 1204 552 1268 introducuntur
575 1205 745 1289 sequentia:

448 1325 520 1386 οὔτε
545 1325 606 1402 γὰρ
631 1326 675 1396 εἷς
699 1323 819 1405 οἰνορὴν
843 1323 970 1408 ἔρχεται
992 1323 1063 1386 οὔτε
1092 1322 1196 1396 δίκας·

446 1441 553 1520 πάντῃ
577 1440 638 1518 γὰρ
664 1434 842 1501 τοῦλασσον
866 1437 931 1520 ἔχει
959 1440 1027 1499 κτὲ.

356 1545 419 1609 Ubi
442 1567 531 1610 namo
556 1545 669 1610 Graece
694 1547 810 1631 peritus
833 1545 970 1610 haerebit
993 1546 1026 1610 in
1050 1546 1149 1631 priore
1181 1544 1328 1629 particula
1352 1553 1432 1629 γάρ,

310 1681 388 1742 quae
411 1657 504 1722 ordiri
529 1659 606 1722 solat
630 1660 813 1724 sententiam
835 1660 868 1724 in
892 1660 1076 1746 praegressis
1100 1659 1328 1724 adnuntiatam.

354 1774 467 1838 Lenius
500 1795 590 1858 quam
622 1775 779 1861 hucusque
802 1777 917 1841 factum
941 1797 1006 1838 essa
1030 1773 1117 1839 rideo
1142 1773 1296 1838 emendari
1319 1773 1436 1858 poterit

312 1911 356 1953 vs.
388 1889 471 1953 288:

446 2009 481 2071 ἐν
503 2012 563 2088 γάρ
585 2031 634 2070 τοι
656 2005 747 2070 πόλει
776 1998 838 2070 ὧδε
869 2011 1046 2091 κακοψόγῳ
1069 2008 1205 2072 ἁνδάνει
1229 2006 1335 2072 οὐδέν·

443 2119 596 2184 ωσδετο
607 2142 657 2184 σω
666 2143 683 2182 σ
692 2147 713 2184 οι
726 2149 736 2182 ι
747 2146 760 2184 a
772 2150 782 2185 ι
806 2119 922 2186 πολλοὶ
948 2121 1167 2206 οἶνολβότεροι.

354 2232 590 2320 Repraesentavi
609 2232 770 2296 lectionem
794 2232 906 2297 codicis
931 2233 1116 2297 Mutinensis
1133 2255 1170 2296 ex
1187 2253 1252 2296 mea
1269 2230 1433 2296 collatione

308 2346 530 2430 (Bellonam,
554 2369 615 2432 qua
639 2354 669 2412 et
690 2348 791 2434 Bergk
815 2347 914 2414 utitur
938 2355 968 2412 et
990 2346 1104 2413 Christ.
1129 2346 1246 2431 Ziagler
1273 2347 1304 2409 in
1328 2347 1434 2410 novis-

310 2461 387 2525 sima
411 2461 559 2544 editione,
588 2463 747 2546 Tubingae
773 2464 872 2544 1868,
897 2463 991 2527 habet
1013 2467 1278 2535 ώσὸετοσωσοιεὶ,
1312 2483 1345 2524 ea
1372 2482 1434 2545 qua

308 2598 365 2639 van
385 2574 438 2640 der
459 2576 529 2662 May
552 2577 652 2640 utitur
674 2579 890 2646 ωσδετοσοοσοι
909 2559 970 2660 εἰ),
983 2578 1063 2641 unda
1080 2577 1248 2642 mutatione
1265 2576 1432 2661 perexigua

307 2689 464 2776 exsculpo:

440 2812 478 2885 ἐς
501 2810 543 2874 δὲ
573 2812 615 2873 τὸ
641 2805 729 2874 σῶσ’
754 2813 838 2873 αἰεὶ
864 2807 980 2874 πολλοὶ
1002 2809 1222 2894 α’νολβότεροι.

307 3008 377 3066 3,1.
398 3008 437 3064 ll,
464 3007 486 3054 2.
506 3007 546 3055 14.
565 3005 611 3065 28,
631 3007 653 3054 l.
673 3007 713 3064 79,
731 3007 754 3055 2.
774 3006 817 3064 85,
839 3009 861 3056 1.
882 3007 1262 3066 101‚1eta.104,10r2;
1283 3008 1430 3058 Alcmaeonis

306 3096 336 3151 ir,
356 3100 400 3159 30;
420 3099 522 3148 Erinnae
540 3098 568 3148 ir.
582 3099 612 3156 6,
631 3097 656 3158 3;
676 3099 800 3148 Simonidis
812 3099 853 3148 Cei
865 3099 893 3149 ir.
912 3102 936 3159 4,
949 3099 973 3148 2.
986 3101 1014 3158 5,
1027 3101 1050 3154 7.
1066 3101 1109 3159 12,
1124 3101 1147 3151 3.
1161 3103 1204 3158 31,
1219 3103 1242 3150 3.
1254 3101 1299 3160 40,
1313 3101 1336 3151 3.
1346 3103 1393 3163 70,
1406 3104 1429 3152 1.

305 3192 452 3257 Bacchylidis
469 3193 497 3240 ir.
515 3193 542 3249 1,
561 3192 575 3240 1
592 3197 616 3239 et
627 3192 666 3240 25.
686 3191 802 3240 Pindarus
820 3208 910 3255 quoque
929 3191 1012 3256 ubique
1025 3194 1126 3241 vocalem
1144 3194 1168 3241 in
1187 3210 1213 3242 ea
1232 3209 1286 3242 voce
1303 3194 1429 3246 contraxit.

305 3287 394 3336 Contra
420 3289 489 3336 Iones
507 3291 554 3334 tarn
581 3285 639 3348 epici
657 3299 726 3348 quem
745 3285 906 3348 iamhogrephi
932 3291 1068 3334 constanter
1094 3285 1232 3349 producent.
1268 3288 1304 3335 Do
1326 3287 1430 3336 Homero

305 3379 473 3441 (Hesiodoque)
493 3393 529 3426 res
546 3377 653 3425 omnibus
666 3382 733 3425 notar
747 3379 851 3426 tironum
864 3378 887 3424 in
901 3378 1001 3440 gratiam
1014 3378 1108 3426 efferam
1125 3379 1345 3442 iembogrephorum
1359 3379 1427 3428 locos.

304 3471 362 3519 Vide
374 3472 446 3535 igitur
459 3470 591 3521 Archilochi
609 3471 638 3519 ir.
657 3470 689 3530 6,
707 3471 730 3519 4.
750 3471 796 3526 13,
816 3471 838 3519 1.
858 3470 902 3528 21,
923 3469 946 3520 3.
964 3471 1010 3528 29,
1027 3471 1048 3519 2.
1069 3472 1151 3530 77.1;
1169 3473 1293 3522 Simonidis
1305 3472 1429 3535 Amorgini

303 3564 326 3616 7.
346 3565 376 3612 61
396 3569 418 3612 et
437 3563 476 3617 87.
514 3563 563 3612 lloc
583 3578 673 3627 quoque
692 3561 778 3611 iudicio
798 3563 880 3612 vitium
896 3563 1054 3627 deprehendas
1071 3565 1095 3613 in
1115 3566 1224 3614 Ananii
1250 3565 1320 3629 (apud
1341 3566 1428 3614 Athen.

303 3656 365 3716 Vll,
383 3672 405 3720 p.
423 3657 471 3705 282
490 3657 523 3718 Β)
542 3655 657 3719 reliquiis,
678 3655 716 3703 ubi
735 3670 787 3704 cum
807 3656 908 3718 Bergkio
926 3657 1024 3706 coniicio
1042 3673 1075 3708 vs.
1094 3658 1108 3705 2
1126 3659 1158 3706 sic
1173 3658 1318 3707 scribendum
1337 3675 1400 3708 esse:

568 3747 622 3798 τὸν
640 3748 745 3816 θέρον
764 3749 853 3800 καλῶν
872 3745 899 3798 δ’
923 3748 1035 3819 ἄριστον
1058 3750 1114 3802 avi.

335 3846 421 3894 Poetae
444 3844 537 3906 elegiaci
556 3846 693 3908 plerumque¹
711 3845 811 3892 vocalem
836 3844 865 3892 ad
890 3847 1007 3908 epicorum
1027 3843 1156 3908 exemplum
1183 3845 1327 3908 producunt,
1347 3846 1425 3909 paullo

300 3939 376 3987 rarius
387 3937 525 4000 corripiunt.
543 3937 675 3986 Productae
694 3937 779 3986 vocalis
793 3936 852 4002 apud
872 3937 980 3986 Solonem
994 3938 1098 4002 exempla
1111 3943 1167 3985 sunt
1185 3937 1213 3988 ir.
1234 3941 1280 3996 12,
1298 3938 1329 3986 23
1342 3943 1365 3997 et
1377 3939 1423 3998 40,

300 4035 421 4093 correptas
439 4029 525 4078 ibidem
546 4046 579 4080 vs.
596 4031 644 4090 21;
664 4031 779 4095 Tyrtaeus
801 4031 902 4079 vocalem
924 4029 1033 4092 produxit
1052 4031 1079 4078 fr.
1098 4033 1125 4088 4,
1145 4032 1174 4090 7,
1193 4032 1221 4081 ir.
1242 4031 1315 4089 10,1
1335 4038 1358 4079 et
1379 4019 1433 4090 30,

300 4128 421 4186 correptae
438 4137 485 4170 non
506 4129 560 4171 sunt
578 4123 601 4170 iu
622 4122 670 4171 eius
692 4123 796 4186 reliquiis
813 4123 924 4186 exempla.
958 4121 1025 4185 Apud
1050 4122 1216 4172 Mimnermum
1236 4124 1328 4173 unicum
1348 4128 1426 4173 exstat

299 4215 425 4279 productae
449 4217 578 4278 exemplum
605 4217 634 4266 ir.
660 4217 707 4275 11,
734 4217 761 4276 4,
787 4221 907 4279 correptae
931 4214 1028 4265 nullum.
1064 4216 1092 4264 Iu
1110 4215 1262 4279 Theognideie
1287 4217 1423 4280 producitur

299 4309 384 4357 vocalis
403 4325 435 4358 rs.
456 4309 499 4368 16,
517 4309 579 4366 242,
602 4307 665 4365 609,
684 4306 836 4365 683,1019,
860 4307 938 4363 1216,
959 4306 1037 4364 1336,
1059 4305 1136 4364 1350,
1157 4305 1228 4365 1377,
1246 4307 1372 4371 corripitur
1391 4307 1423 4360 17

299 4401 344 4460 bis,
368 4401 431 4460 282,
452 4403 512 4459 652,
536 4402 597 4460 696,
619 4401 681 4459 994,
703 4400 783 4456 1259,
803 4400 880 4458 1280,
901 4400 979 4459 1282,
1003 4399 1065 4448 1329
1085 4399 1133 4461 (aed
1152 4399 1236 4448 rectius
1254 4400 1286 4448 ibi
1300 4401 1423 4452 Hermann

297 4500 340 4548 oei
357 4515 389 4547 rr
408 4495 517 4548 ὠθοῦν
535 4493 577 4546 ἔτι
597 4495 691 4555 scier)
711 4493 775 4543 1369
794 4493 837 4543 bis.
857 4494 891 4542 Er
907 4492 991 4542 herum
1010 4508 1106 4540 numero
1127 4493 1224 4543 sortasse
1241 4495 1374 4544 eximendus
1389 4511 1423 4547 vs.

296 4590 359 4650 696,
378 4592 417 4640 nbi
434 4597 549 4656 expuncta
567 4590 648 4639 rocula
667 4589 700 4639 δέ
721 4603 792 4652 paene
812 4586 903 4637 malim:

532 4682 734 4738 stercorata
755 4679 845 4732 καλῶν
867 4679 927 4731 odat
945 4678 978 4730 σὺ
998 4681 1098 4742 μοῦνος
1114 4684 1182 4752 ipae.
1263 4713 1266 4722 ·
