3270 5374
753 601 772 665 9

232 787 287 853 Vs.
309 789 382 853 155.
407 797 546 874 Μήποίε
570 817 619 874 τρι
637 794 754 876 πενίην
773 796 985 877 θυμοφθόρον
1002 791 1097 877 α’νδρί
1117 787 1274 880 χολωθείς

340 999 344 1012 .
407 902 498 992 μηδ’
513 909 818 994 ἅχρημοσιίνην
846 906 1025 992 οὐλομένην
1048 911 1196 992 πρόφερε.

203 1020 308 1105 Longe
341 1019 461 1084 malim:
497 1022 599 1106 μηδὲ
637 1028 903 1107 χρημοσιίνην
934 1027 999 1087 nrt.
1050 1018 1098 1083 Ita
1127 1019 1208 1082 enim
1240 1015 1318 1080 solet

203 1134 376 1220 Theognis,
404 1135 490 1198 cuius
522 1136 561 1200 ef.
589 1157 648 1198 vss.
675 1137 756 1213 389,
782 1137 861 1214 394,
886 1135 965 1212 560,
991 1135 1063 1198 670.
1088 1133 1198 1199 Forma
1221 1135 1318 1219 ἄχρη-

202 1257 323 1337 μοσιίνη
355 1255 507 1335 praeterea
528 1247 642 1332 legitur
666 1248 755 1312 unico
778 1249 863 1328 loeo,
886 1249 919 1313 ni
934 1248 1038 1328 fallor,
1056 1248 1209 1334 Odysseae
1222 1244 1318 1311 XVII

204 1386 248 1429 vs.
275 1368 355 1442 502,
380 1386 475 1450 eoque
497 1363 635 1428 omnium
656 1385 803 1429 consensu
826 1363 1023 1449 interpolato.
1046 1363 1202 1429 Venabula
1225 1366 1317 1448 α’χρη·

201 1509 270 1565 μων
306 1485 337 1544 et
367 1484 560 1568 α’χρημονεῒν
597 1477 708 1543 Atticis
739 1479 939 1564 relinquenda
971 1478 1160 1543 crediderim.
1211 1477 1318 1561 Neque

203 1593 292 1658 ambo
316 1592 458 1658 voeabula
480 1615 601 1678 prorsus
622 1593 726 1658 eadem
742 1595 866 1659 notione
882 1595 1033 1680 gaudmt,
1057 1593 1209 1680 siquidem
1225 1597 1319 1681 ἀχρη-

202 1716 323 1795 μοσείνη
348 1710 514 1794 penuriam
542 1709 709 1794 signifieat,
743 1717 924 1800 χρημοσιίνη
954 1710 1007 1793 (cf.
1037 1721 1139 1801 χρεῖος
1161 1715 1192 1772 et
1216 1709 1318 1798 χρεία)

201 1823 390 1909 paupertatis
414 1823 555 1888 comitem
572 1832 755 1908 egestatem,
780 1825 997 1910 indigentiam,
1015 1826 1229 1890 necessitatem.
1254 1823 1320 1888 Ser-

202 1944 274 2002 vata
312 1937 448 2004 codicum
484 1937 634 2012 lectione,
677 1940 726 2016 δίς
758 1941 877 2007 ταύτὸν
910 1949 986 2025 ἡμῖν
1019 1943 1143 2027 ε’ίρηκεν
1176 1935 1205 2004 δ’
1225 1944 1320 2020 σορὸς

204 2059 354 2135 Θεὸννις,
378 2058 494 2116 mutata
517 2073 578 2116 nou
602 2052 690 2116 item.
736 2052 908 2136 Theognidi
931 2076 972 2120 vs.
998 2055 1062 2117 384
1087 2057 1182 2140 πενίη
1207 2051 1321 2115 dieitur

202 2175 304 2254 μητὴρ
327 2170 378 2253 ἅμ
388 2198 407 2255 η
418 2197 465 2257 χα
476 2197 493 2236 ν
504 2173 623 2256 ίης-
634 2168 682 2253 ἣτ’
697 2170 826 2255 ἀνδρῶν
851 2179 988 2255 παράγει
1013 2176 1120 2254 θυμὸν
1145 2174 1176 2244 ἐς
1193 2167 1320 2252 α’μπλα-

203 2289 278 2369 κίην
306 2289 337 2347 et
364 2305 434 2346 mox
461 2305 503 2348 vs.
530 2285 594 2345 389
620 2304 676 2367 pro
699 2286 864 2371 ἀμηχανίη
888 2285 939 2366 (ε
963 2285 1096 2368 α’πορία)
1121 2281 1321 2347 substituitur

182 2389 442 2487 ’χρημοσιίνη
469 2438 527 2474 -,
554 2405 573 2481 ἣ
603 2399 641 2480 δὴ
667 2404 751 2463 κακὰ
775 2398 880 2466 πολλὰ
911 2400 1054 2465 διδάσκει
1082 2407 1146 2465 ντί.
1196 2397 1319 2462 Prorsus

204 2517 306 2576 autem
339 2512 446 2612 eodem
478 2511 564 2575 modo
595 2533 654 2596 quo
682 2511 711 2578 b.
733 2511 771 2590 l,
795 2519 831 2576 nt
852 2535 921 2576 eum
946 2512 1139 2577 scribendum
1164 2512 1319 2596 suspicor,

204 2626 349 2691 voeabula
372 2633 467 2715 πενίη
492 2632 523 2690 et
548 2633 728 2716 χρημασιίνη
752 2627 856 2691 innota
880 2628 1011 2712 reperies
1035 2651 1077 2692 vs.
1099 2631 1162 2692 393
1189 2650 1251 2713 sq:

272 2750 306 2810 ἐν
331 2746 456 2830 πενίη
482 2741 511 2809 δ’
531 2747 597 2809 ὅτε
625 2744 727 2820 δειλὸς
748 2747 829 2829 ἀνὴρ
850 2747 867 2810 ὅ
892 2771 925 2811 τε
951 2745 1070 2812 πολλὸν
1095 2748 1235 2828 ἀμείνων

271 2863 441 2939 φαίνεται,
464 2855 530 2926 εὖτ’
552 2863 596 2924 διν
621 2858 658 2941 δὴ
686 2863 926 2944 χρημοσδνη
952 2860 1082 2946 κατέχῃ.
1141 2837 1144 2843 .

227 2970 281 3035 Vs.
297 2974 370 3036 168.
401 2978 439 3040 ὃν
461 2974 494 3039 δὲ
516 2977 588 3039 θεοί
606 2969 728 3055 τιμῶσ’,
753 2977 788 3048 ὃς
810 2977 878 3037 καί
902 2979 1167 3057 μωμεείμενος
1187 2978 1319 3046 αἰνεῖ,

404 3089 520 3174 ἀνδρὸς
547 3089 582 3154 δὲ
607 3088 733 3172 σπουδὴ
758 3091 884 3169 γίνεται
910 3089 1094 3172 οὐδεμία.

204 3200 340 3264 Priorem
365 3201 472 3265 borum
496 3223 636 3266 versuum
659 3200 740 3265 felici
763 3201 936 3266 coniectura
960 3201 1098 3266 restituit
1114 3200 1231 3264 Ahrens
1247 3199 1321 3263 sori-

203 3315 325 3381 bondo:

270 3435 307 3498 ὃν
332 3432 365 3496 δὲ
391 3437 485 3496 θεοί
508 3429 629 3513 τιμῶσ’,
656 3434 690 3506 ὃς
714 3436 769 3495 ναί
795 3435 1062 3515 νωμειίμενος
1083 3437 1181 3497 ἄνει
1202 3429 1246 3510 1),

204 3544 256 3608 sed
273 3545 400 3609 aiterum
419 3545 600 3623 nemodum,
627 3546 707 3630 quod
727 3546 833 3624 seiam,
853 3544 1041 3620 emendavit,
1065 3567 1136 3608 nam
1152 3543 1322 3608 Hermanni

205 3660 379 3725 coniectura
403 3663 537 3748 ἀνδράσι
562 3683 616 3746 pro
640 3663 757 3747 ἀνδρὸς
772 3659 846 3744 quid
862 3647 1037 3744 proficiatur
1051 3682 1113 3724 non
1129 3659 1227 3732 rideo.
1252 3657 1323 3742 Ipsa

204 3780 305 3838 autem
328 3774 502 3860 oppositio,
529 3774 588 3838 nisi
611 3771 717 3851 fallor,
744 3772 890 3856 requirit:

373 3893 527 3974 ἀνδρὸς
554 3891 588 3955 δὲ
610 3890 733 3971 σπονδὴ
757 3892 905 3969 γίγνεται
933 3890 1159 3973 οὐτιδάνη,

206 4004 228 4069 i.
259 4027 284 4068 e.
317 4007 446 4082 οὐδενὸς
470 4008 559 4083 ἀξία.
590 4008 725 4088 ματαία.
773 4000 962 4066 Vocabulum
994 4000 1032 4065 de
1063 4002 1152 4066 rebus
1184 3999 1325 4065 adhibuit

206 4098 326 4203 quoque
358 4117 524 4204 Aeschylus
557 4119 676 4202 Septem
708 4121 783 4182 361.
816 4115 988 4180 'Praeterea
1015 4114 1118 4180 nescio
1146 4139 1184 4180 an
1207 4115 1238 4179 hi
1264 4137 1323 4178 vss

208 4254 275 4295 euro
301 4231 418 4297 duobus
440 4233 636 4318 sequentibus
660 4239 742 4298 arete
767 4230 914 4314 iungendi
940 4231 1019 4308 sint,
1045 4229 1098 4294 sed
1122 4231 1166 4295 ita
1182 4236 1217 4293 ut
1232 4229 1324 4294 simul

207 4346 244 4412 iis
268 4354 498 4432 postponantur.
545 4348 644 4413 Locus
667 4349 710 4413 ita
734 4353 884 4411 correctus
908 4346 952 4410 sio
971 4344 1117 4410 habebit:

210 4569 400 4576 „Q-,ffi

243 4708 267 4769 1)
288 4708 320 4757 ad
340 4724 408 4772 quam
425 4711 563 4760 senteutiam
582 4711 665 4774 aliquis
682 4717 816 4776 comparato
832 4711 919 4762 Psalm.
937 4712 1070 4772 CXXVII,
1089 4726 1123 4759 vs.
1142 4713 1166 4761 2.
