3270 5374
708 588 748 653 51

164 777 274 857 Recte,
306 777 366 842 uisi
397 777 493 856 fallor,
524 777 624 862 Bergk
656 800 699 844 ve.
728 779 804 856 397,
832 785 949 842 mutato
972 771 1132 843 verborum
1157 778 1284 858 ordine,
1314 789 1322 822 ‘

164 895 209 957 sic
231 891 423 982 scribendum
447 913 511 956 esse
534 893 682 957 coniecit:

209 1017 275 1078 Τὸν
300 1004 411 1076 δἀῧτ’
431 1008 498 1076 οὔτ’
519 1013 704 1091 ἀγαθοῖς
728 1010 841 1076 Γἕπεται
868 1015 940 1084 νόος
965 1013 1036 1075 οὔτε
1061 1018 1244 1074 κακοῖσι.

164 1123 284 1187 Literae
316 1122 458 1187 Aeolieae
490 1123 620 1206 vestigia
642 1130 873 1209 persequentem
897 1143 965 1207 pag.
992 1125 1030 1201 3,
1056 1143 1103 1186 me
1128 1121 1286 1206 praeteriit

164 1257 206 1306 us.
232 1237 311 1300 987:
339 1243 409 1305 αἵτε
432 1245 599 1305 ἄνακτα
624 1240 754 1324 φέρουσι
776 1245 863 1313 κτὰ,
899 1235 935 1300 of.
962 1237 1043 1314 773,
1080 1257 1121 1300 vs.
1149 1237 1190 1299 52
1212 1238 1286 1324 τῇδε

163 1352 276 1428 ἅδοι,
303 1373 346 1416 vs.
368 1353 431 1414 333
454 1351 548 1438 ἄνδρ’
566 1356 618 1416 ἐπὶ
641 1352 783 1418 ἐλπίδι
808 1373 824 1414 e
849 1350 973 1436 Bergkii
998 1350 1220 1430 emendatione,
1244 1373 1288 1415 vs.

165 1466 227 1528 488
253 1467 526 1552 εὐνερμεσίης
553 1463 585 1528 in
610 1463 796 1544 Mutinensi,
819 1487 863 1530 vs.
893 1469 955 1530 152
982 1473 1013 1530 et
1036 1469 1100 1531 822
1123 1469 1231 1555 χώρη
1255 1465 1288 1529 in

164 1578 286 1659 eodem,
310 1600 386 1664 quae
411 1578 550 1662 exempla
566 1579 687 1657 ceteris,
710 1579 818 1657 velim,
841 1601 924 1644 nunc
949 1579 1050 1646 addas.
1097 1579 1159 1644 Vix
1185 1588 1287 1644 autem
1383 1645 1388 1654 ,

165 1716 240 1778 opus
264 1702 309 1758 est
332 1703 367 1758 ut
391 1697 542 1772 moneam,
569 1715 617 1756 me
641 1715 708 1777 pag.
736 1695 755 1756 3
776 1701 811 1759 ¹et
833 1694 908 1758 alibi
930 1692 969 1758 dc
992 1695 1077 1758 liare
1105 1693 1288 1759 scribentem

67 1819 74 1832 ’
164 1808 196 1872 in
226 1808 363 1874 versibus
394 1808 550 1894 elegiacis,
583 1830 651 1872 eum
682 1808 782 1872 dicere
813 1803 947 1888 hiatum,
982 1809 1033 1874 ubi
1057 1816 1129 1874 ante
1152 1810 1288 1876 vocalem

165 1920 249 1985 verbi
264 1922 418 2006 sequentis
444 1923 538 2006 longa
561 1921 781 1986 vocalis-suam
807 1928 966 1986 conservet
985 1923 1200 2007 quantitatem.

210 2036 261 2102 Vs.
287 2039 367 2102 127:
392 2040 466 2106 οὐδὲ
491 2066 546 2106 κεν
571 2046 733 2118 studueram
757 2042 861 2123 ὥσπερ
887 2039 960 2108 ποτ’
983 2045 1144 2125 ἐσὼρισν
1170 2041 1289 2110 ἐλθών.

165 2149 248 2231 Quid
280 2152 310 2216 l1.
341 2152 361 2218 l.
394 2153 547 2237 scripserit
577 2153 748 2238 Theognis,
782 2153 910 2219 tortasse
941 2177 1060 2240 semper
1088 2155 1289 2241 ignorabitur.

165 2265 215 2330 Ne
239 2265 362 2350 Bergkii
385 2265 524 2350 quidem,
550 2275 719 2331 ceterorum
744 2269 913 2332 tentamina
937 2270 1120 2349 reiicientis,
1144 2269 1289 2354 suspici0,

165 2379 327 2466 legendum
350 2403 432 2446 esse:
457 2384 561 2469 ὥσπερ
586 2387 687 2468 πρὸς
710 2381 834 2466 (quidni
857 2385 964 2471 ποτὶΡ)
990 2389 1144 2474 χωνίον
1169 2385 1291 2464 ἐλθών,

165 2495 254 2575 ferri,
286 2517 334 2560 me
361 2496 481 2573 iudice,
518 2496 579 2562 ullo
603 2503 693 2582 pa'cto
716 2505 832 2582 potest,
856 2509 1015 2585 propterea
1039 2500 1110 2584 quia
1134 2499 1177 2564 ita
1201 2499 1292 2565 verbo

167 2615 305 2691 εἰκάζειν
333 2611 418 2676 locus
443 2633 505 2676 non
527 2621 622 2691 esset,
655 2613 922 2700 quandoquidem,
960 2615 1105 2680 instituto
1127 2615 1183 2680 tali
1204 2636 1292 2702 expe·

167 2726 313 2806 rimeuto,
337 2728 462 2806 sumus,
486 2737 521 2794 ut
546 2728 665 2812 opinor,
689 2750 750 2792 non
768 2728 904 2816 summan
922 2732 1135 2796 coniecturum.
1176 2731 1291 2798 Poetae

167 2849 298 2906 mentem
314 2843 423 2907 melius
439 2843 568 2907 assecuti
586 2842 738 2924 videntur,
754 2845 807 2929 qui
825 2844 898 2910 olim
911 2853 1112 2931 reposuerunt
1128 2851 1159 2924 ἐς
1172 2847 1293 2916 dalea:

167 2981 241 3023 num
264 2957 374 3037 verba,
400 2965 431 3022 et
455 2978 511 3043 ego
536 2957 655 3024 dubito.

211 3073 265 3139 Vs.
293 3077 366 3140 138.
390 3073 435 3137 Of.
463 3075 554 3139 etiam
578 3096 623 3138 vs.
650 3076 722 3139 148.

212 3189 264 3254 Vs.
292 3193 366 3254 144.
390 3188 440 3253 Ad
462 3189 649 3275 propositam
673 3213 690 3255 a
712 3213 761 3255 me
784 3212 851 3277 pag.
877 3194 895 3254 5
922 3214 965 3276 sq.
990 3191 1196 3255 coniecturam
1212 3191 1297 3254 insu·
1349 3195 1352 3198 ’

169 3325 220 3390 per
242 3305 412 3371 conferatur
434 3299 525 3370 iliaci
554 3312 584 3372 Ω
610 3305 670 3370 157
699 3329 742 3390 sq.

212 3420 265 3486 Vs.
290 3423 371 3486 220:
396 3429 520 3507 Kalpas,
544 3424 644 3508 με’σην
669 3423 698 3488 δ’
715 3427 807 3510 ἔρχσν
830 3429 905 3506 τὴν
930 3424 1017 3502 ὁδὸν,
1043 3425 1148 3509 ὥσπερ
1172 3427 1248 3503 ἐγὼ.

169 3536 241 3601 Non
276 3543 358 3601 caret
391 3537 557 3601 offensione
591 3535 739 3601 articulus
774 3537 953 3621 praesertim
984 3536 1045 3602 isto
1077 3535 1145 3600 loco
1169 3535 1297 3620 positus.

169 3651 268 3732 Quare
292 3651 360 3717 ride
380 3674 419 3716 an
437 3651 515 3716 forte
539 3653 612 3716 haec
635 3651 677 3715 sit
701 3628 808 3737 poetae
832 3673 958 3718 manus:

164 3744 170 3749 -
324 3773 449 3854 Κύρνε,
472 3770 573 3853 μέσην
599 3765 725 3855 δ’ἕρηεν
744 3766 801 3856 ἧχ’
814 3768 901 3846 ὁδόν,
928 3771 1034 3854 ὥσπερ
1058 3770 1131 3846 ἐγώ.

170 3880 228 3946 Oui
250 3881 417 3966 suspicioni
440 3882 543 3946 favere
564 3881 639 3945 mihi
663 3880 793 3946 videtur*
806 3903 849 3946 vs.
876 3884 957 3947 331:

229 4006 398 4085 ἥσυχος,
425 4001 530 4086 ὥσπερ
555 4003 636 4080 ἐγώ,
666 3999 822 4085 μέσσην
846 4001 946 4068 ὁδὸν
970 4001 1092 4086 ἔρχεο
1118 4003 1246 4066 ποσσίν.

171 4114 219 4177 Ad
243 4112 383 4178 vocabuli
407 4133 496 4176 usum
520 4133 659 4197 compara
682 4111 776 4199 Ο(1.ρ
793 4113 873 4177 254:
898 4112 961 4198 ἦκα
979 4121 1125 4190 κιόντας.
1149 4111 1197 4175 De
1214 4111 1303 4176 hiatu

172 4237 241 4294 ante
276 4249 428 4294 caesuram
465 4205 534 4292 ride
567 4227 721 4312 disputata
755 4249 826 4312 pag.
858 4229 888 4294 3.
941 4227 1001 4292 Sed
1032 4229 1162 4293 fortasse
1193 4226 1305 4295 habuit

172 4345 246 4411 haec
268 4345 377 4410 vocula
400 4344 473 4409 clim
497 4343 658 4430 digamma.
680 4341 726 4408 uf.
751 4341 781 4406 Il
804 4350 834 4411 Ω
861 4345 935 4408 508.
964 4343 1003 4408 In
1019 4342 1227 4431 Theognideis
1247 4344 1303 4408 ho-

174 4459 281 4546 dieque
306 4458 420 4544 legitur
442 4479 486 4522 vs.
513 4459 610 4523 lats.

216 4572 270 4637 Vs.
295 4573 377 4636 231:
403 4580 467 4660 ἄτη
492 4576 521 4641 δ’
540 4577 574 4652 ἐξ
599 4576 697 4657 αὐτῆς
722 4577 1020 4656 ἀναφαίνεται
1044 4581 1111 4641 κτὲ.
1152 4570 1308 4638 Ornatius

175 4696 220 4770 et,
253 4687 314 4752 nisi
345 4677 443 4766 fallor,
466 4687 573 4752 melius
597 4696 687 4772 poeta
710 4687 841 4752 forsitan
865 4687 1022 4772 scripserit
1045 4692 1308 4774 ἀναφύεται.

1123 4803 1173 4874 411·
