3270 5374
876 583 917 646 28

337 776 388 844 ubi
416 776 598 843 contrarium
622 783 775 862 exspectes
794 774 832 842 ab
851 775 974 842 homine
996 775 1124 862 gloriam
1150 774 1319 861 bonamque
1343 776 1453 842 lamam

336 892 504 980 appetenti.
551 893 594 957 At
618 891 745 957 fortasse
770 897 859 978 pocta
882 892 1059 978 scripserat:

380 1005 454 1076 ἀλλ’
476 1012 494 1074 o‘
515 1013 573 1093 μὲν
596 1009 775 1094 εὐδοκιμεῖν
794 1014 989 1095 πειρώμενος
1013 1003 1057 1076 εὖ
1079 1016 1321 1094 προνοήσας

382 1130 413 1202 ἐς
436 1125 578 1211 μεγάλην
602 1130 687 1211 ἄτην
710 1129 769 1191 καί
790 1126 934 1212 χαλεπὴν
958 1125 1089 1192 ἔπεσιν

382 1247 426 1324 τῷ
447 1238 481 1304 δὲ
507 1242 641 1314 κακῶς
664 1248 925 1323 προνοεῦντι
950 1241 1025 1313 θεὸς
1049 1242 1122 1323 περί
1146 1243 1256 1303 πάντα
1277 1239 1409 1322 τίθησιν

381 1355 559 1438 συντυχίην
582 1353 735 1437 οἷγοιθην,
762 1353 939 1421 ὲίιλυσιν
965 1355 1215 1438 οίφροσιίνης.

381 1465 428 1531 Οί.
455 1467 516 1530 161
542 1487 606 1551 sqq.
631 1471 662 1529 et
686 1467 748 1529 639
777 1488 837 1549 sq.,
863 1464 914 1531 ubi
945 1471 1025 1529 recte
1054 1487 1110 1528 vau
1143 1463 1197 1530 der
1224 1463 1296 1548 Mey
1328 1466 1453 1552 ἔρρειν

196 1667 201 1685 ,
239 1602 243 1607 ·
337 1580 466 1646 coniecit
481 1602 536 1666 pro
553 1587 669 1667 εὑρεῖν,
695 1578 775 1664 quod
790 1579 823 1644 iu
847 1574 882 1647 εὖ
902 1587 969 1668 ῥεῖν
992 1585 1162 1643 mutaverat
1179 1577 1291 1662 Bergk.
1326 1575 1454 1641 Coniec-

337 1705 424 1764 turae
449 1722 531 1765 meae
550 1722 701 1786 opponere
727 1698 790 1764 noli
813 1697 974 1763 lectionem
993 1697 1025 1761 in
1054 1693 1172 1760 Solonis
1199 1695 1276 1779 eleg.
1305 1691 1390 1757 XIII
1410 1715 1453 1757 vs.

339 1819 459 1901 39:193
485 1817 519 1883 δὲ
541 1823 647 1894 κακῶς
673 1816 828 1902 ίρδονδι
854 1826 888 1883 θ.
916 1845 949 1882 π.
967 1843 1001 1881 π.
1018 1843 1046 1882 τ.
1077 1811 1159 1877 Nam
1182 1810 1255 1875 haec
1269 1816 1314 1874 est
1332 1805 1459 1893 Bergkii

340 1928 500 1994 correctio.
534 1929 654 1995 Stobaci
680 1929 764 1995 codd.
786 1929 898 1995 habent
921 1930 1039 2016 ἕρδειν,
1068 1925 1148 2012 quod
1171 1947 1270 1992 errore
1293 1925 1459 2010 repetitum
1583 2011 1584 2014 Ἴ

339 2043 460 2109 videtur
483 2067 499 2108 c
523 2067 567 2109 va.
599 2046 660 2109 3⁷:

515 2157 589 2226 ἀλλ’
616 2163 634 2226 o‘
658 2163 717 2244 μὲν
743 2153 786 2226 ιδ
808 2159 951 2245 ἕρδειν
976 2164 1170 2244 πειρώμενος
1190 2163 1256 2224 nat.

382 2274 434 2339 Vs.
462 2273 522 2339 607
547 2295 601 2359 pro
625 2274 792 2362 (ψεύδους)
814 2285 939 2361 μιιρη
967 2273 1094 2358 repetita
1117 2271 1262 2337 sibillauti
1289 2270 1460 2357 scripserim

338 2398 497 2476 σμικρή.
523 2386 572 2453 Of.
599 2410 654 2452 rsa.
684 2391 723 2454 14
746 2394 777 2452 ct
805 2390 879 2454 580.
1391 2397 1395 2405 '

382 2502 435 2566 Vs.
454 2505 528 2568 613.
552 2511 646 2585 σιγᾶν
665 2502 694 2566 δ’
716 2506 786 2570 οὐκ
804 2503 1007 2571 ἐθέλουσι
1021 2509 1114 2571 κακοί
1132 2508 1215 2570 ccccl
1237 2503 1459 2590 λισχάζοντες.

338 2617 387 2682 Ob
411 2617 564 2704 opposita:
582 2622 613 2684 οἱ
629 2619 655 2684 δ’
671 2619 795 2701 οίγοιθοί
816 2626 948 2688 πάντων
972 2622 1087 2706 μέτρον
1103 2624 1233 2688 ἰ’σασιν
1260 2622 1347 2707 ἔχειν
1364 2617 1460 2682 ferme

338 2739 505 2817 exspectes:
530 2742 625 2815 σιγᾶν
652 2733 680 2799 δ’
704 2738 748 2803 οδ
771 2734 954 2820 τολμῶσι
975 2734 996 2798 i.
1017 2757 1043 2798 c.
1068 2747 1166 2800 tacere
1186 2744 1350 2821 nequeunt,
1371 2754 1396 2798 s.
1421 2732 1460 2798 ad

338 2846 472 2923 raam,
492 2870 552 2911 ιιι
574 2846 726 2912 aranea.
766 2831 832 2911 'ses
855 2845 933 2911 nius
958 2854 1053 2914 muco.
1093 2897 1095 2900 .

381 2960 433 3027 Vs.
459 2962 520 3026 667
547 2981 610 3044 sq:

427 3083 454 3142 ai
479 3080 537 3163 μίν
564 3073 696 3165 χρήματ’
721 3078 846 3164 ἔχοιμι,
870 3079 1053 3164 Σιμωνίδη,
1071 3076 1192 3163 ὀἷάπερ
1219 3078 1365 3166 ᾔδειν,

427 3195 484 3259 οὐκ
507 3197 550 3260 διν
571 3197 761 3278 α’νιῴμην
785 3201 852 3268 τοῖς
875 3196 1031 3276 ἀγαθοῖσι
1059 3198 1180 3262 συνών.

384 3305 434 3370 Sic
466 3304 565 3390 Bergk
592 3327 608 3370 e
631 3303 716 3372 codd.
744 3304 859 3385 edidit,
887 3320 1083 3391 posteaquam
1111 3305 1144 3371 in
1172 3306 1219 3373 ed.
1243 3306 1280 3371 II
1305 3313 1462 3390 receperat

339 3443 423 3484 suam
446 3420 667 3488 coniecturam:

958 3534 1070 3622 οἷάπερ
1093 3533 1158 3604 οἶδ
1169 3566 1190 3605 οι

472 3655 529 3719 οὐκ
553 3658 597 3720 διν
625 3655 891 3738 α’νοιινοίμην
916 3657 982 3716 νιτὲ.
1192 3649 1201 3667 ’

382 3765 592 3832 Certissimum
618 3773 719 3832 autem
743 3772 789 3830 est
813 3769 961 3854 α’νῖῴμηυ
993 3765 1044 3849 (cf.
1074 3767 1151 3851 991)
1184 3771 1361 3850 corruptum
1394 3785 1460 3829 esse

338 3888 400 3946 tam
421 3887 544 3967 propter
568 3881 698 3946 vocalem
726 3880 846 3946 brevem
872 3880 1049 3965 productam
1066 3902 1156 3966 quam
1173 3885 1297 3965 propter
1317 3873 1387 3944 loci
1426 3902 1459 3944 rr·

338 3996 485 4074 tentiam;
509 4018 606 4082 neque
629 3995 758 4060 diffiteor
782 3995 859 4060 hanc
885 3994 1010 4079 Berglii
1034 3994 1237 4059 coniecturam
1268 3993 1342 4058 mihi
1363 3883 1460 4102 ribbi
1579 3984 1580 4008 ¹

339 4111 425 4175 valde
452 4108 648 4196 probabilem.
695 4109 833 4194 Reliquis
867 4131 940 4194 quas
969 4109 1056 4173 affert
1090 4109 1269 4175 coniecturis
1297 4109 1462 4198 manifest?

339 4225 467 4290 violatur
508 4232 613 4310 poetae
648 4247 741 4290 mens.
789 4224 960 4305 Quomiuus
992 4231 1092 4290 autem
1127 4247 1143 4288 e
1178 4224 1308 4289 lectione
1345 4206 1493 4362 σοιίίσίδηι

338 4340 523 4406 Mutinensis
544 4340 605 4426 ἤδη
628 4338 742 4404 leniore
765 4360 855 4403 manu
880 4338 1034 4404 eliciamus
1056 4341 1133 4427 ᾔδη,
1150 4336 1266 4417 obstat,
1283 4338 1342 4402 nisi
1359 4338 1468 4426 fallor,
1495 4386 1502 4434 t

339 4456 546 4521 Grammatica
569 4477 683 4539 graeca.
1501 4460 1522 4617 q

383 4571 435 4636 Vs.
450 4572 512 4638 671
533 4592 578 4654 sq.
602 4574 721 4638 οὕνεκα
737 4578 794 4639 νῦν
812 4577 994 4657 φιρόμισθα
1012 4567 1092 4638 καθ’
1110 4575 1176 4648 ἱςίιι
1189 4570 1287 4638 λευκὰ
1301 4571 1469 4659 βαλόντες
1521 4620 1522 4624 =

450 4685 621 4770 Μηλίου
647 4689 688 4752 ἐκ
712 4694 996 4756 πόντουνιίιιτοι
1019 4688 1074 4753 διὰ
1098 4685 1267 4771 δνοφερην.
