3270 5374
849 541 898 616 40*

363 726 596 793 Distinctionem
621 733 691 814 post
714 731 847 797 τέταται
871 733 950 793 recte
975 725 1055 790 delet
1076 723 1192 809 Bergk,
1216 721 1363 788 scribens:

404 850 505 930 ὄρφνη
529 850 589 930 γὰρ
615 846 747 911 τέταται
772 849 847 930 πρό
872 844 1019 921 τέλους
1043 841 1216 926 μέλλοντος
1237 843 1384 917 ἔσεσθαι,

405 961 477 1026 τοι)
501 961 618 1037 ξυνετά
644 965 708 1026 ιιτὲ.

363 1072 420 1137 Sed
442 1072 490 1136 vix
522 1072 660 1158 cuiquam
689 1071 829 1156 probabit
864 1093 970 1134 snum:
998 1074 1119 1150 τέλος
1142 1072 1258 1155 μέλλον
1291 1073 1433 1137 ἔσεσθαι.

319 1189 364 1253 Ut
387 1187 464 1253 nihil
490 1187 587 1252 dicam
617 1187 653 1251 de
685 1187 827 1251 dictionis
858 1184 1038 1262 insolentia,
1071 1183 1236 1271 requiritur
1258 1182 1321 1246 sola
1333 1181 1437 1269 futuri

318 1302 443 1368 mantio.
479 1301 671 1386 Scripserim:

363 1422 464 1503 ὄρφνη
489 1423 548 1502 γὰρ
570 1418 702 1484 τέταται
728 1423 838 1510 πρόςῚ
852 1418 889 1500 (s,
906 1419 993 1502 ποτὶ)
1020 1426 1073 1486 τοῦ
1089 1417 1264 1502 μέλλοντος
1285 1418 1435 1494 ἔσεσθαι,

365 1535 651 1610 mmmm

259 1622 261 1630 Α
367 1644 412 1710 Da
435 1644 492 1708 hoc
516 1666 573 1708 nau
596 1643 829 1730 praepositionis
854 1645 994 1710 videatur
1016 1633 1165 1711 Matthiae
1187 1645 1242 1711 Gr.
1263 1645 1436 1730 Gnddlld.

343 1761 421 1824 'Vis
452 1761 534 1825 illata
567 1766 614 1824 est
645 1759 866 1825 Grammaticae
898 1760 1030 1826 Graecae
1063 1760 1158 1846 magis
1192 1758 1230 1824 ab
1267 1757 1437 1826 editoribus

322 1899 410 1962 qnam
434 1899 452 1940 a
475 1875 607 1940 librariis
632 1897 672 1940 vs.
701 1876 804 1953 1088,
831 1874 881 1941 ubi
904 1876 1053 1942 edendum
1075 1876 1188 1942 fuerat:

544 1996 645 2060 ναίετ’
669 1989 720 2058 ἐπ’
747 1994 922 2078 Εὐρώτα
948 1991 1106 2078 καλλιρόῳ
1126 1997 1270 2076 ποταμῷ,

323 2130 385 2172 non
408 2099 562 2194 Εόρότα,
586 2112 623 2169 nt
643 2087 751 2170 editur,
786 2104 832 2171 cf.
852 2108 944 2170 1209.
969 2104 1239 2169 Animadversione
1264 2101 1439 2186 dignissimi

324 2231 395 2288 sunt
418 2223 476 2286 duo
501 2244 559 2286 vas.
585 2228 745 2306 sequentes
768 2221 806 2284 ad
831 2219 1065 2306 pernoscendam
1085 2219 1270 2284 Graecorum
1286 2217 1438 2284 indolem:

433 2341 461 2406 εί
484 2365 561 2406 ποτε
586 2338 793 2424 βονλεύσιιμι
814 2339 897 2424 φίλῳ
920 2347 1037 2415 κακόν,
1062 2339 1158 2414 αὐτός
1183 2337 1303 2425 ἐήοιμι·

435 2457 462 2518 εἷ
485 2452 519 2517 δὲ
544 2479 574 2518 τι
599 2461 703 2530 κεῖνος
727 2457 816 2537 ἐμοί,
848 2456 915 2530 δίς
939 2461 1062 2521 τόσον
1087 2453 1182 2530 αὐτός
1202 2453 1276 2539 ἔχοι.

369 2563 536 2650 Specioaior
560 2571 683 2650 propter
706 2565 862 2632 literarum
880 2566 1110 2632 similitudinem
1138 2587 1225 2652 quam
1250 2563 1349 2630 verior
1364 2563 1440 2628 mihi

325 2677 445 2763 quidem
477 2677 597 2741 videtur
627 2678 819 2758 coniectura,
841 2701 900 2763 qua
918 2703 975 2745 van
1000 2680 1052 2744 der
1075 2679 1148 2766 Moy
1179 2702 1210 2765 p.
1244 2680 1283 2743 51
1310 2676 1443 2742 tentavit

327 2815 384 2856 vas.
415 2791 495 2855 1097
519 2813 598 2878 sqq,:

415 2907 507 2992 ’Ἡόη
529 2913 583 2974 ιιαί
605 2914 809 2992 πτερύγεσσιν
835 2912 1007 2995 ἐπαίρομαι
1032 2911 1091 2989 <tgr
1114 2915 1262 2978 πεττινόν

416 3028 449 3089 ἐκ
476 3022 626 3108 λίμνης
648 3024 805 3109 μεγάλης,
833 3026 939 3110 ἄνδρα
964 3032 1064 3094 ιιαιιόν
1089 3030 1283 3110 προφυγὼν,

417 3141 553 3224 βρόιιχον
578 3139 779 3223 οἰπορρηξας·
806 3143 841 3206 σύ
864 3138 892 3206 d'
914 3143 987 3225 ἐμῆς
1006 3142 1179 3227 φιλότητος
1201 3145 1355 3226 ἁμαρτών

416 3255 526 3338 όςερον
551 3254 705 3337 ἡμετέρην
730 3259 836 3340 γνόνση
861 3258 1088 3340 ἐπιφροσύνην.

375 3364 472 3446 „Cum
495 3388 554 3450 qua
578 3366 624 3430 avi
659 3365 741 3446 „ait”
766 3365 919 3431 sententia
940 3365 1075 3451 postulat
1101 3373 1133 3430 ut
1156 3371 1245 3452 poeta
1270 3385 1302 3428 ao
1316 3385 1445 3449 compa·

329 3480 411 3546 ret?”
436 3481 634 3566 Respondeo‚
658 3504 718 3546 non
744 3483 899 3568 postulare
924 3482 1123 3562 sententiam,
1147 3489 1183 3545 ut
1208 3503 1275 3547 cum
1301 3479 1446 3566 peculiari

329 3597 457 3682 quadam
492 3620 545 3661 ave
579 3620 610 3662 se
641 3605 811 3684 comparet,
849 3599 919 3684 quia
951 3600 988 3663 ad
1019 3596 1227 3663 declarandam
1258 3593 1445 3659 celeritatem

329 3712 428 3778 avium
451 3712 481 3776 iu
505 3734 614 3797 genere
638 3715 821 3799 comparatio
849 3715 978 3791 sufficit,
1008 3714 1040 3778 id
1075 3712 1157 3800 quod
1190 3715 1220 3774 ct
1250 3732 1296 3774 res
1327 3709 1391 3795 ipsa
1414 3716 1446 3774 et

330 3838 465 3892 sescenta
504 3827 582 3912 apud
611 3836 729 3920 'poetas
763 3829 900 3914 exempla
936 3830 1152 3896 demonstrant.
1203 3825 1355 3908 ‘'Nonne'’
1401 3825 1445 3890 ita

330 3941 428 4027 pergit
455 3942 501 4005 vir
525 3942 629 4007 doctus
654 3965 741 4024 „cum
767 3967 801 4008 ea
824 3965 900 4028 quae
925 3950 1037 4009 ceteras
1061 3948 1181 4029 superet
1204 3941 1384 4007 velocitate?
1405 3978 1443 3989 -

332 4056 427 4138 ,πολλοὶ
458 4056 574 4120 videtur
591 4064 679 4142 poeta
696 4058 825 4124 voluisse
843 4065 991 4128 πετεινόν
1009 4065 1042 4126 ἐκ
1059 4057 1218 4148 Λιβύης.”
1243 4058 1286 4120 Al
1302 4053 1446 4119 struthio·

331 4171 478 4237 camelum
511 4178 632 4257 poetam
667 4195 727 4237 non
761 4173 891 4239 voluisse
922 4174 987 4258 ipse
1018 4173 1130 4237 diserte
1161 4171 1314 4257 significat
1346 4169 1446 4236 vorbis

331 4292 611 4372 πτερύγεσσιν
646 4294 898 4376 ἐπαίρομαι,
930 4289 1009 4374 quod
1041 4289 1073 4352 in
1104 4309 1207 4352 omncs
1239 4287 1447 4351 ceteras'aves

330 4401 485 4485 aliquanto
520 4401 627 4467 melius
662 4403 790 4488 quadrat
827 4427 916 4490 quam
948 4405 980 4469 in
1007 4403 1305 4481 struthiocamelum,
1337 4399 1448 4486 quippe

251 4557 253 4560 -
332 4536 420 4599 quem
443 4539 548 4594 cursu,
569 4538 629 4580 non
659 4517 774 4596 volatu,
799 4516 920 4581 celerem
946 4539 1009 4581 esse
1032 4516 1107 4580 satis
1131 4523 1259 4580 constet.
1292 4513 1361 4600 Ipso
1386 4512 1445 4578 iam

333 4629 410 4700 vidit
440 4631 514 4695 mire
540 4631 653 4696 dictum
673 4654 737 4698 ease
764 4639 873 4722 Λιβύη
897 4634 1035 4726 μεγάλη,
1062 4630 1141 4718 quod
1164 4637 1265 4696 tamen
1289 4627 1445 4715 sequiora,
