3270 5374
862 508 900 572 16

317 701 399 766 litati
429 705 612 777 occurreret,
648 705 715 763 tum
747 697 837 762 etiam
866 695 1014 775 tortasse,
1048 705 1083 762 ut
1114 697 1173 762 ista
1205 719 1260 782 pro
1293 698 1437 784 genuinis

222 871 224 878 ⁴
319 815 490 880 venditaret
520 813 716 898 popularibus
749 813 823 878 suis.
869 812 959 893 Quod
982 820 1084 878 autern
1109 814 1223 878 attinet
1247 814 1285 878 ad
1307 815 1436 880 istarum

319 951 468 1014 nugarum
494 934 724 1012 argumentum,
758 927 849 992 nimis
876 927 923 992 vir
945 927 1137 994 doctissimus
1162 927 1311 1002 miserum,
1329 951 1433 995 earum

320 1045 504 1110 conditorem
521 1042 687 1128 exagitasse
704 1041 779 1106 mihi
795 1033 925 1107 ridetur.
954 1041 1076 1107 Etenim
1096 1041 1169 1106 talia
1186 1063 1247 1107 non
1264 1042 1304 1107 ad
1318 1064 1436 1108 morum

319 1168 491 1225 nostrorum
523 1166 703 1242 nostraeque
734 1156 932 1221 humanitatis
964 1179 1118 1236 normam,
1151 1155 1203 1221 sed
1235 1157 1272 1220 ad
1296 1156 1435 1240 exiguam

320 1271 502 1338 Graecarum
532 1272 578 1336 his
610 1271 648 1337 de
670 1271 760 1337 rebus
784 1271 961 1357 opinionum
985 1273 1175 1337 severitatem
1199 1271 1346 1357 exigenda
1369 1293 1437 1336 esse

319 1395 350 1451 et
380 1386 573 1452 diiudicanda
603 1386 742 1471 equidem
775 1387 914 1452 arbitror.
960 1387 1009 1451 Ne
1038 1386 1224 1471 antiquiores
1257 1386 1437 1470 quidemst

318 1504 489 1588 Theognidi
523 1502 660 1587 aequales
690 1509 795 1587 poetas
827 1502 866 1567 ab
898 1503 957 1567 ista
986 1501 1054 1568 labe
1085 1503 1235 1568 immunes
1265 1525 1330 1568 esse
1360 1503 1436 1568 satis

320 1641 467 1705 superque
498 1625 625 1682 constat.
672 1616 765 1697 Quis,
800 1623 834 1680 ut
864 1618 920 1681 hoe
951 1625 1031 1697 utar,
1055 1640 1109 1705 pro
1133 1641 1203 1684 suae
1226 1618 1337 1685 aetatis
1358 1618 1437 1703 pede

321 1733 501 1818 moduloque
532 1731 653 1796 meliore
685 1731 762 1797 ritae
795 1754 969 1819 morumque
1000 1735 1080 1800 fama
1110 1735 1187 1801 vixit
1210 1757 1300 1822 quam
1323 1735 1436 1800 Pinda-

320 1849 394 1915 rus?
415 1847 508 1912 Hune
529 1853 632 1910 tamen
647 1845 717 1910 vide
732 1846 806 1930 quid
829 1870 937 1914 canere
951 1871 1014 1914 non
1029 1848 1187 1915 erubeseat
1202 1849 1234 1914 in
1250 1849 1436 1934 fragmento,

320 1962 401 2049 qnod
424 1960 554 2026 serravit
575 1959 662 2026 nobis
686 1962 859 2026 Athenaeus
882 1963 967 2029 XIII
990 1968 1051 2032 601
1078 1965 1132 2032 Q:
1178 1973 1180 1977 ’

319 2090 414 2166 Χρῆν
437 2085 496 2163 μὲν
521 2083 604 2144 κατὰ
628 2083 740 2165 καιρὸν
764 2083 889 2164 ἐρώτων
907 2083 1102 2168 δρέπεσθαι,
1116 2085 1218 2166 θυμέ,
1236 2085 1293 2149 σάν
1310 2082 1436 2166 ἁλικίᾳ·

318 2202 376 2270 τάς
400 2195 433 2260 δὲ
448 2194 606 2270 Θεοξένου
629 2195 764 2271 α’κτῒνας
788 2200 961 2279 προσώπου
983 2199 1238 2283 μαρμαριζοίσας
1262 2199 1390 2283 δρακείς

319 2316 354 2388 ὃς
374 2317 415 2396 μὴ
439 2316 533 2395 πόθῳ
547 2313 768 2393 κυμαίνεται,
799 2312 832 2387 ἐξ
856 2311 1040 2394 ἀδάμαντος

318 2436 339 2513 ἡ·
362 2427 494 2511 σιδάρου
517 2424 729 2513 κεχάλκευται
753 2425 891 2509 καρδίαν

322 2554 431 2629 φυχρᾲ
455 2538 565 2622 φλογί,
589 2544 667 2624 πρὸς
695 2535 723 2604 δ’
745 2535 949 2623 Ἀφροδίτας
972 2543 1163 2623 οίτιμασθείς
1182 2539 1437 2627 ἑλικοβλεφάρου

319 2661 340 2739 ἤ
359 2657 432 2740 περί
454 2662 588 2740 χρήμασι
610 2655 758 2740 μοχθίζει
779 2657 907 2740 βιαίως,
929 2661 951 2737 ἤ
972 2658 1150 2741 γυναικείῳ
1174 2663 1287 2738 θράσει

319 2775 450 2858 ψυχράν
474 2779 620 2854 φορεῖται
643 2777 751 2835 πᾶσαν
775 2769 852 2836 ὁδὸν
879 2774 1081 2854 θεραπεύων,

318 2884 388 2951 ἀλλ’
414 2885 476 2965 ἐγὼ
501 2884 591 2952 τᾶσδ’
616 2883 709 2949 ἕκατι
735 2888 829 2970 κηρὸς
852 2888 895 2960 ὣς
918 2886 1053 2974 δαχθεὶς
1077 2884 1137 2967 ἕλᾳ

319 3003 392 3084 ἱράν
404 2999 556 3084 μελισσᾶν
571 3007 718 3082 τάκομαι,
731 2992 794 3064 εὖτ’
807 3005 849 3067 ἂν
861 2999 921 3066 ’ίδοι
929 3002 1057 3068 παίδων
1067 3006 1214 3081 νεόγυιον
1224 3001 1361 3084 ε’ςῆβαν·
1370 3003 1435 3065 κτὲ.

364 3113 426 3194 Qui
448 3113 534 3198 plura
557 3111 589 3176 id
611 3133 708 3194 genus
730 3111 876 3198 requirit,
900 3112 981 3197 legat
1003 3111 1078 3177 mihi
1103 3110 1205 3197 Ibyci
1228 3111 1264 3176 fr.
1283 3116 1319 3190 2,
1343 3112 1435 3174 Ana·

320 3227 481 3293 creontis
511 3227 549 3291 fr.
577 3230 614 3304 2,
647 3227 683 3304 3,
718 3228 757 3305 4,
782 3229 840 3305 24,
865 3229 926 3306 45,
950 3228 1009 3306 46,
1035 3230 1095 3306 663
1119 3224 1327 3290 Mimnermi
1349 3223 1386 3291 fr.
1414 3227 1431 3288 1

319 3349 350 3406 et
373 3343 410 3422 53
435 3339 582 3404 Solonis
604 3340 639 3404 fr.
666 3341 726 3414 24,
751 3346 781 3404 et
805 3343 865 3419 25,
889 3341 970 3426 quod
996 3348 1041 3406 est
1064 3364 1118 3407 eur
1140 3341 1325 3407 adscribam:

408 3456 479 3524 ἔσθ’
502 3460 581 3543 ἣβης
604 3461 766 3543 ἐρατοῖσιν
792 3462 826 3524 ἒν
853 3464 972 3526 ἄνθεσι
997 3459 1216 3546 παιδοφιλήσῃ

406 3579 516 3659 μηρῶν
541 3575 666 3657 ίμείριον
691 3576 746 3638 καί
770 3574 924 3661 γλυκεροῦ
949 3581 1116 3658 στόματος.

364 3685 423 3751 His
453 3685 534 3750 enirn
564 3683 668 3763 lectis,
700 3693 736 3748 ut
767 3686 882 3771 opinor,
913 3711 975 3752 non
1002 3687 1136 3773 ambiges
1163 3707 1223 3771 qno
1247 3706 1338 3749 sensu
1361 3683 1436 3748 acei-

319 3800 429 3888 pienda
452 3800 515 3863 sint
538 3797 590 3862 illa
613 3821 689 3883 qnae
713 3800 844 3865 servavit
866 3802 900 3866 iu
923 3801 1035 3887 Lyside
1057 3823 1089 3887 p.
1112 3803 1175 3865 212
1200 3809 1230 3867 Ε
1253 3798 1353 3862 Plato:

409 3918 553 4003 ὄλβιος
576 3905 603 4002 ᾧ
626 3917 777 3992 παῖδές
801 3944 840 3984 τε
865 3918 983 3999 φίλοι
1008 3922 1062 3983 καί
1085 3921 1229 4002 μώνυχες
1252 3917 1348 3981 ίπποι

408 4035 463 4100 καί
487 4035 580 4106 κιίνες
602 4033 756 4115 οίγρευταί
781 4038 835 4098 καί
860 4033 952 4111 ξένος
979 4032 1175 4108 ἀλλοδαπός.

364 4144 436 4210 Νου
459 4143 556 4228 igitur
580 4142 654 4207 vitiu
678 4144 857 4209 vertendum
879 4151 1031 4231 poetastro
1046 4152 1167 4222 nostro,
1192 4142 1272 4228 quod
1288 4139 1363 4206 feeit
1379 4161 1437 4204 van

321 4258 374 4324 der
403 4258 474 4344 Mey
504 4281 535 4343 p.
560 4260 620 4337 33,
651 4257 676 4321 si
707 4258 781 4324 haee
809 4259 899 4324 verba
921 4259 958 4325 de
980 4280 1140 4345 puerorum
1163 4278 1264 4322 amore
1287 4255 1436 4337 interpre-

320 4380 404 4439 tetus
426 4372 567 4437 similiter
589 4373 673 4438 canit
695 4396 739 4439 rs.
764 4376 867 4439 1255:

407 4491 495 4566 ὅστις
516 4493 558 4572 μὴ
583 4489 704 4564 παῖδας
724 4515 757 4555 τε
782 4488 870 4573 φιλεῖ
895 4494 950 4555 καί
972 4495 1126 4575 μώνυχας
1149 4490 1269 4564 ῗππους

409 4609 465 4674 καὶ
492 4609 604 4684 κείνας,
630 4611 745 4672 οὔποτε
769 4607 800 4670 οἱ
823 4609 926 4691 θυμὸς
951 4608 986 4673 ἐν
1010 4608 1197 4689 εὐφροσύνῃ.
