<?xml version="1.0" encoding="UTF-8"?>
<!DOCTYPE html PUBLIC "-//W3C//DTD XHTML 1.0 Transitional//EN"
    "http://www.w3.org/TR/xhtml1/DTD/xhtml1-transitional.dtd">
<html xmlns="http://www.w3.org/1999/xhtml" xml:lang="en" lang="en">
 <head>
  <title>
</title>
<meta http-equiv="Content-Type" content="text/html;charset=utf-8" />
  <meta name='ocr-system' content='tesseract 3.04.00' />
  <meta name='ocr-capabilities' content='ocr_page ocr_carea ocr_par ocr_line ocrx_word'/>
</head>
<body>
  <div class='ocr_page' id='page_1' title='image "./animadversiones00herwgoog_0053.png"; bbox 0 0 3270 5374; ppageno 0'>
   <div class='ocr_carea' id='block_1_1' title="bbox 903 587 947 652">
    <p class='ocr_par' dir='ltr' id='par_1_1' title="bbox 903 587 947 652">
     <span class='ocr_line' id='line_1_1' title="bbox 903 587 947 652; baseline 0.023 -1"><span class='ocrx_word' id='word_1_1' title='bbox 903 587 947 652; x_wconf 79' lang='lat'><strong>³8</strong></span> 
     </span>
    </p>
   </div>
   <div class='ocr_carea' id='block_1_2' title="bbox 365 778 1479 1775">
    <p class='ocr_par' dir='ltr' id='par_1_2' title="bbox 365 778 1479 1775">
     <span class='ocr_line' id='line_1_2' title="bbox 540 778 1264 860; baseline -0.001 -21"><span class='ocrx_word' id='word_1_2' title='bbox 540 778 773 856; x_wconf 68' lang='grc' dir='ltr'><strong><em>κρύπτουσιν,</em></strong></span> <span class='ocrx_word' id='word_1_3' title='bbox 801 778 932 860; x_wconf 74' lang='grc' dir='ltr'>θέμενοι</span> <span class='ocrx_word' id='word_1_4' title='bbox 956 779 1061 860; x_wconf 80' lang='grc' dir='ltr'>θνμόν</span> <span class='ocrx_word' id='word_1_5' title='bbox 1085 778 1264 858; x_wconf 77' lang='grc' dir='ltr'><strong><em>ἐφημέριον.</em></strong></span> 
     </span>
     <span class='ocr_line' id='line_1_3' title="bbox 366 889 1014 976; baseline 0.003 -26"><span class='ocrx_word' id='word_1_6' title='bbox 366 909 441 972; x_wconf 88' lang='lat' dir='ltr'><strong>pro:</strong></span> <span class='ocrx_word' id='word_1_7' title='bbox 544 889 726 975; x_wconf 76' lang='grc' dir='ltr'>κρύπτονσ’,</span> <span class='ocrx_word' id='word_1_8' title='bbox 754 893 923 976; x_wconf 72' lang='grc' dir='ltr'>ἐνθέμενοι</span> <span class='ocrx_word' id='word_1_9' title='bbox 949 898 1014 958; x_wconf 72' lang='lat' dir='ltr'><strong>art.</strong></span> 
     </span>
     <span class='ocr_line' id='line_1_4' title="bbox 410 1002 658 1087; baseline 0.016 -23"><span class='ocrx_word' id='word_1_10' title='bbox 410 1003 462 1066; x_wconf 83' lang='lat' dir='ltr'><strong>Vs.</strong></span> <span class='ocrx_word' id='word_1_11' title='bbox 488 1002 550 1066; x_wconf 75' lang='lat'><strong>973</strong></span> <span class='ocrx_word' id='word_1_12' title='bbox 575 1024 658 1087; x_wconf 86' lang='lat' dir='ltr'><strong>sqq:</strong></span> 
     </span>
     <span class='ocr_line' id='line_1_5' title="bbox 497 1115 1353 1202; baseline -0.001 -16"><span class='ocrx_word' id='word_1_13' title='bbox 497 1120 609 1196; x_wconf 74' lang='grc' dir='ltr'>Οὐδείς</span> <span class='ocrx_word' id='word_1_14' title='bbox 630 1120 830 1202; x_wconf 71' lang='grc' dir='ltr'>ἀνθρώπων,</span> <span class='ocrx_word' id='word_1_15' title='bbox 859 1124 896 1187; x_wconf 86' lang='grc' dir='ltr'><strong>ὃν</strong></span> <span class='ocrx_word' id='word_1_16' title='bbox 923 1115 1022 1202; x_wconf 82' lang='grc' dir='ltr'>πρῶτ’</span> <span class='ocrx_word' id='word_1_17' title='bbox 1047 1123 1099 1184; x_wconf 72' lang='grc' dir='ltr'><strong>ἐπὶ</strong></span> <span class='ocrx_word' id='word_1_18' title='bbox 1123 1125 1202 1198; x_wconf 80' lang='grc' dir='ltr'>γαῖα</span> <span class='ocrx_word' id='word_1_19' title='bbox 1223 1118 1353 1202; x_wconf 79' lang='grc' dir='ltr'>καλιίψη</span> 
     </span>
     <span class='ocr_line' id='line_1_6' title="bbox 499 1230 1326 1321; baseline 0 -23"><span class='ocrx_word' id='word_1_20' title='bbox 499 1237 542 1308; x_wconf 78' lang='grc' dir='ltr'>εἷς</span> <span class='ocrx_word' id='word_1_21' title='bbox 564 1230 593 1298; x_wconf 77' lang='grc' dir='ltr'><strong>τ’</strong></span> <span class='ocrx_word' id='word_1_22' title='bbox 617 1233 753 1321; x_wconf 77' lang='grc' dir='ltr'>’Ἔρεβος</span> <span class='ocrx_word' id='word_1_23' title='bbox 778 1236 923 1320; x_wconf 81' lang='grc' dir='ltr'><strong><em>καταβῇ,</em></strong></span> <span class='ocrx_word' id='word_1_24' title='bbox 953 1235 1086 1316; x_wconf 83' lang='grc' dir='ltr'>δώματα</span> <span class='ocrx_word' id='word_1_25' title='bbox 1108 1241 1326 1317; x_wconf 71' lang='grc' dir='ltr'><strong>Περσεφόνης,</strong></span> 
     </span>
     <span class='ocr_line' id='line_1_7' title="bbox 505 1347 1333 1433; baseline 0 -19"><span class='ocrx_word' id='word_1_26' title='bbox 505 1348 655 1431; x_wconf 80' lang='grc' dir='ltr'><em>τέρπεται</em></span> <span class='ocrx_word' id='word_1_27' title='bbox 683 1355 754 1414; x_wconf 80' lang='grc' dir='ltr'>οὔτε</span> <span class='ocrx_word' id='word_1_28' title='bbox 780 1348 874 1433; x_wconf 77' lang='grc' dir='ltr'>λείρης</span> <span class='ocrx_word' id='word_1_29' title='bbox 899 1347 964 1414; x_wconf 78' lang='grc' dir='ltr'>οὔτ’</span> <span class='ocrx_word' id='word_1_30' title='bbox 992 1347 1166 1432; x_wconf 80' lang='grc' dir='ltr'>αὐλητῆρος</span> <span class='ocrx_word' id='word_1_31' title='bbox 1190 1351 1333 1422; x_wconf 84' lang='grc' dir='ltr'>οίκοιίων,</span> 
     </span>
     <span class='ocr_line' id='line_1_8' title="bbox 498 1463 1193 1547; baseline -0.009 -17"><span class='ocrx_word' id='word_1_32' title='bbox 498 1471 570 1530; x_wconf 82' lang='grc' dir='ltr'>οὔτε</span> <span class='ocrx_word' id='word_1_33' title='bbox 598 1469 762 1530; x_wconf 80' lang='grc' dir='ltr'>Λιωνιίσοο</span> <span class='ocrx_word' id='word_1_34' title='bbox 784 1463 1193 1547; x_wconf 81' lang='grc' dir='ltr'>δῶρ’,ἐσαειράμενος.</span> 
     </span>
     <span class='ocr_line' id='line_1_9' title="bbox 408 1574 1479 1661; baseline -0.003 -20"><span class='ocrx_word' id='word_1_35' title='bbox 408 1578 543 1641; x_wconf 82' lang='lat' dir='ltr'><strong>Ultimus</strong></span> <span class='ocrx_word' id='word_1_36' title='bbox 566 1599 654 1661; x_wconf 92' lang='lat' dir='ltr'><strong>quem</strong></span> <span class='ocrx_word' id='word_1_37' title='bbox 678 1575 820 1661; x_wconf 76' lang='lat' dir='ltr'><strong>adscripsi</strong></span> <span class='ocrx_word' id='word_1_38' title='bbox 842 1597 946 1640; x_wconf 84' lang='lat' dir='ltr'><strong>versus</strong></span> <span class='ocrx_word' id='word_1_39' title='bbox 969 1597 1029 1639; x_wconf 88' lang='lat' dir='ltr'><strong>nou</strong></span> <span class='ocrx_word' id='word_1_40' title='bbox 1051 1575 1109 1638; x_wconf 89' lang='lat' dir='ltr'><strong>nisi</strong></span> <span class='ocrx_word' id='word_1_41' title='bbox 1126 1574 1242 1640; x_wconf 85' lang='lat' dir='ltr'><strong>levibus</strong></span> <span class='ocrx_word' id='word_1_42' title='bbox 1261 1574 1378 1640; x_wconf 82' lang='lat' dir='ltr'><strong>mendis</strong></span> <span class='ocrx_word' id='word_1_43' title='bbox 1391 1575 1479 1639; x_wconf 84' lang='lat' dir='ltr'><strong>affee-</strong></span> 
     </span>
     <span class='ocr_line' id='line_1_10' title="bbox 365 1690 1077 1775; baseline -0.004 -19"><span class='ocrx_word' id='word_1_44' title='bbox 365 1700 415 1757; x_wconf 86' lang='lat' dir='ltr'><strong>tus</strong></span> <span class='ocrx_word' id='word_1_45' title='bbox 434 1692 567 1770; x_wconf 86' lang='lat' dir='ltr'><strong>videtur,</strong></span> <span class='ocrx_word' id='word_1_46' title='bbox 592 1714 667 1775; x_wconf 88' lang='lat' dir='ltr'><strong>quae</strong></span> <span class='ocrx_word' id='word_1_47' title='bbox 691 1691 777 1756; x_wconf 89' lang='lat' dir='ltr'><strong>faoile</strong></span> <span class='ocrx_word' id='word_1_48' title='bbox 800 1691 881 1754; x_wconf 88' lang='lat' dir='ltr'><strong>eluas</strong></span> <span class='ocrx_word' id='word_1_49' title='bbox 905 1690 1077 1755; x_wconf 76' lang='lat' dir='ltr'><strong>scribendo:</strong></span> 
     </span>
    </p>
   </div>
   <div class='ocr_carea' id='block_1_3' title="bbox 364 1917 1516 3722">
    <p class='ocr_par' dir='ltr' id='par_1_3' title="bbox 365 1917 1516 2233">
     <span class='ocr_line' id='line_1_11' title="bbox 410 1917 1516 2005; baseline -0.002 -21"><span class='ocrx_word' id='word_1_50' title='bbox 410 1920 450 1984; x_wconf 83' lang='lat' dir='ltr'><strong>Et</strong></span> <span class='ocrx_word' id='word_1_51' title='bbox 472 1920 582 2004; x_wconf 85' lang='lat' dir='ltr'>requiri</span> <span class='ocrx_word' id='word_1_52' title='bbox 611 1920 756 1984; x_wconf 83' lang='lat' dir='ltr'>Praesens</span> <span class='ocrx_word' id='word_1_53' title='bbox 784 1931 902 2005; x_wconf 81' lang='lat' dir='ltr'><strong>tempus</strong></span> <span class='ocrx_word' id='word_1_54' title='bbox 922 1921 980 1986; x_wconf 89' lang='lat' dir='ltr'><strong>iam</strong></span> <span class='ocrx_word' id='word_1_55' title='bbox 1005 1920 1194 1985; x_wconf 83' lang='lat' dir='ltr'><strong>intellectum</strong></span> <span class='ocrx_word' id='word_1_56' title='bbox 1217 1926 1264 1984; x_wconf 87' lang='lat' dir='ltr'><strong>eat</strong></span> <span class='ocrx_word' id='word_1_57' title='bbox 1285 1942 1301 1984; x_wconf 93' lang='lat' dir='ltr'><strong>a</strong></span> <span class='ocrx_word' id='word_1_58' title='bbox 1319 1917 1479 1985; x_wconf 84' lang='lat' dir='ltr'><strong>Sohaalero</strong></span> <span class='ocrx_word' id='word_1_59' title='bbox 1507 1993 1516 2000; x_wconf 34' lang='grc'><strong>-</strong></span> 
     </span>
     <span class='ocr_line' id='line_1_12' title="bbox 365 2034 1480 2120; baseline -0.001 -22"><span class='ocrx_word' id='word_1_60' title='bbox 365 2042 396 2099; x_wconf 82' lang='lat' dir='ltr'><strong>et</strong></span> <span class='ocrx_word' id='word_1_61' title='bbox 411 2035 558 2119; x_wconf 83' lang='lat' dir='ltr'><strong>Bergki0‚</strong></span> <span class='ocrx_word' id='word_1_62' title='bbox 583 2057 709 2120; x_wconf 90' lang='lat' dir='ltr'><strong>quorum</strong></span> <span class='ocrx_word' id='word_1_63' title='bbox 728 2035 777 2099; x_wconf 92' lang='lat' dir='ltr'><strong>hio</strong></span> <span class='ocrx_word' id='word_1_64' title='bbox 799 2057 886 2099; x_wconf 86' lang='lat' dir='ltr'><strong>usum</strong></span> <span class='ocrx_word' id='word_1_65' title='bbox 904 2035 986 2098; x_wconf 86' lang='lat' dir='ltr'><strong>verbi</strong></span> <span class='ocrx_word' id='word_1_66' title='bbox 1005 2039 1155 2118; x_wconf 77' lang='grc' dir='ltr'>αἴρεσθαι</span> <span class='ocrx_word' id='word_1_67' title='bbox 1180 2035 1236 2099; x_wconf 82' lang='lat' dir='ltr'><strong>hae</strong></span> <span class='ocrx_word' id='word_1_68' title='bbox 1258 2035 1290 2098; x_wconf 92' lang='lat' dir='ltr'><strong>iu</strong></span> <span class='ocrx_word' id='word_1_69' title='bbox 1310 2056 1342 2098; x_wconf 89' lang='lat' dir='ltr'><strong>re</strong></span> <span class='ocrx_word' id='word_1_70' title='bbox 1358 2034 1480 2120; x_wconf 83' lang='lat' dir='ltr'><strong>egregia</strong></span> 
     </span>
     <span class='ocr_line' id='line_1_13' title="bbox 367 2147 1479 2233; baseline -0.002 -19"><span class='ocrx_word' id='word_1_71' title='bbox 367 2151 586 2215; x_wconf 84' lang='lat' dir='ltr'><strong>demonstrarit</strong></span> <span class='ocrx_word' id='word_1_72' title='bbox 609 2149 646 2214; x_wconf 88' lang='lat' dir='ltr'><strong>ad</strong></span> <span class='ocrx_word' id='word_1_73' title='bbox 670 2173 713 2215; x_wconf 84' lang='lat' dir='ltr'><strong>va.</strong></span> <span class='ocrx_word' id='word_1_74' title='bbox 740 2153 801 2215; x_wconf 84' lang='lat'><strong>500</strong></span> <span class='ocrx_word' id='word_1_75' title='bbox 823 2170 867 2233; x_wconf 85' lang='lat' dir='ltr'><strong>sq.</strong></span> <span class='ocrx_word' id='word_1_76' title='bbox 912 2149 973 2228; x_wconf 75' lang='lat' dir='ltr'><strong>Qui</strong></span> <span class='ocrx_word' id='word_1_77' title='bbox 1000 2156 1099 2214; x_wconf 89' lang='lat' dir='ltr'><strong>autem</strong></span> <span class='ocrx_word' id='word_1_78' title='bbox 1124 2170 1225 2212; x_wconf 86' lang='lat' dir='ltr'><strong>versus</strong></span> <span class='ocrx_word' id='word_1_79' title='bbox 1244 2147 1324 2212; x_wconf 89' lang='lat' dir='ltr'><strong>hunc</strong></span> <span class='ocrx_word' id='word_1_80' title='bbox 1347 2147 1479 2232; x_wconf 82' lang='lat' dir='ltr'><strong>exeipit:</strong></span> 
     </span>
    </p>

    <p class='ocr_par' dir='ltr' id='par_1_4' title="bbox 364 2260 1480 2695">
     <span class='ocr_line' id='line_1_14' title="bbox 454 2260 1205 2351; baseline -0.004 -18"><span class='ocrx_word' id='word_1_81' title='bbox 454 2275 542 2334; x_wconf 81' lang='grc' dir='ltr'>ταῦτ’</span> <span class='ocrx_word' id='word_1_82' title='bbox 565 2275 683 2350; x_wconf 73' lang='grc' dir='ltr'>ἐσορῶν</span> <span class='ocrx_word' id='word_1_83' title='bbox 709 2268 888 2351; x_wconf 78' lang='grc' dir='ltr'><strong>κραδίην</strong></span> <span class='ocrx_word' id='word_1_84' title='bbox 915 2260 948 2332; x_wconf 76' lang='grc' dir='ltr'>εὖ</span> <span class='ocrx_word' id='word_1_85' title='bbox 967 2269 1117 2350; x_wconf 88' lang='grc' dir='ltr'>πείσομαι</span> <span class='ocrx_word' id='word_1_86' title='bbox 1142 2273 1205 2332; x_wconf 84' lang='grc' dir='ltr'><strong>κτὲ.</strong></span> 
     </span>
     <span class='ocr_line' id='line_1_15' title="bbox 367 2376 1480 2466; baseline -0.003 -22"><span class='ocrx_word' id='word_1_87' title='bbox 367 2380 528 2466; x_wconf 80' lang='lat' dir='ltr'><strong>interpreti</strong></span> <span class='ocrx_word' id='word_1_88' title='bbox 547 2379 674 2445; x_wconf 88' lang='lat' dir='ltr'><strong>nimium</strong></span> <span class='ocrx_word' id='word_1_89' title='bbox 697 2379 841 2444; x_wconf 82' lang='lat' dir='ltr'><strong>molestus</strong></span> <span class='ocrx_word' id='word_1_90' title='bbox 860 2386 916 2452; x_wconf 81' lang='lat' dir='ltr'><strong>eat,</strong></span> <span class='ocrx_word' id='word_1_91' title='bbox 932 2379 1078 2464; x_wconf 85' lang='lat' dir='ltr'><strong>siquidem</strong></span> <span class='ocrx_word' id='word_1_92' title='bbox 1103 2402 1163 2444; x_wconf 86' lang='lat' dir='ltr'><strong>uon</strong></span> <span class='ocrx_word' id='word_1_93' title='bbox 1188 2378 1384 2463; x_wconf 86' lang='lat' dir='ltr'><strong>intellegitur,</strong></span> <span class='ocrx_word' id='word_1_94' title='bbox 1404 2376 1480 2462; x_wconf 91' lang='lat' dir='ltr'><strong>quid</strong></span> 
     </span>
     <span class='ocr_line' id='line_1_16' title="bbox 366 2491 1480 2582; baseline -0.002 -24"><span class='ocrx_word' id='word_1_95' title='bbox 366 2495 404 2559; x_wconf 90' lang='lat' dir='ltr'><strong>sit</strong></span> <span class='ocrx_word' id='word_1_96' title='bbox 432 2491 465 2561; x_wconf 77' lang='grc' dir='ltr'>εὖ</span> <span class='ocrx_word' id='word_1_97' title='bbox 488 2503 621 2582; x_wconf 76' lang='grc' dir='ltr'>πάσχειν</span> <span class='ocrx_word' id='word_1_98' title='bbox 649 2502 707 2578; x_wconf 78' lang='grc' dir='ltr'><strong>τὴν</strong></span> <span class='ocrx_word' id='word_1_99' title='bbox 735 2497 886 2580; x_wconf 79' lang='grc' dir='ltr'>καρδίαν.</span> <span class='ocrx_word' id='word_1_100' title='bbox 934 2491 978 2555; x_wconf 91' lang='lat' dir='ltr'><strong>Ni</strong></span> <span class='ocrx_word' id='word_1_101' title='bbox 1004 2493 1108 2571; x_wconf 86' lang='lat' dir='ltr'><strong>fallor,</strong></span> <span class='ocrx_word' id='word_1_102' title='bbox 1133 2499 1222 2578; x_wconf 88' lang='lat' dir='ltr'><strong>poeta</strong></span> <span class='ocrx_word' id='word_1_103' title='bbox 1249 2513 1330 2557; x_wconf 91' lang='lat' dir='ltr'><strong>more</strong></span> <span class='ocrx_word' id='word_1_104' title='bbox 1357 2491 1480 2556; x_wconf 80' lang='lat' dir='ltr'><strong>Graecia</strong></span> 
     </span>
     <span class='ocr_line' id='line_1_17' title="bbox 364 2606 1088 2695; baseline -0.003 -21"><span class='ocrx_word' id='word_1_105' title='bbox 364 2608 556 2695; x_wconf 78' lang='lat' dir='ltr'><strong>perfamiliari</strong></span> <span class='ocrx_word' id='word_1_106' title='bbox 577 2630 626 2672; x_wconf 90' lang='lat' dir='ltr'><strong>cor</strong></span> <span class='ocrx_word' id='word_1_107' title='bbox 648 2630 733 2672; x_wconf 87' lang='lat' dir='ltr'><strong>auum</strong></span> <span class='ocrx_word' id='word_1_108' title='bbox 758 2606 937 2690; x_wconf 83' lang='lat' dir='ltr'><strong>alloquitur,</strong></span> <span class='ocrx_word' id='word_1_109' title='bbox 962 2629 1088 2672; x_wconf 79' lang='lat' dir='ltr'><strong>canens:</strong></span> 
     </span>
    </p>

    <p class='ocr_par' dir='ltr' id='par_1_5' title="bbox 409 2717 1416 2810">
     <span class='ocr_line' id='line_1_18' title="bbox 409 2717 1416 2810; baseline 0 -20"><span class='ocrx_word' id='word_1_110' title='bbox 409 2725 499 2792; x_wconf 84' lang='grc' dir='ltr'>ταῦτ’</span> <span class='ocrx_word' id='word_1_111' title='bbox 523 2729 661 2808; x_wconf 78' lang='grc' dir='ltr'>ἐσορῶν,</span> <span class='ocrx_word' id='word_1_112' title='bbox 690 2724 859 2810; x_wconf 79' lang='grc' dir='ltr'>κραδίη,</span> <span class='ocrx_word' id='word_1_113' title='bbox 883 2717 918 2789; x_wconf 75' lang='grc' dir='ltr'>εὖ</span> <span class='ocrx_word' id='word_1_114' title='bbox 941 2726 1106 2806; x_wconf 89' lang='grc' dir='ltr'>πείσομαι,</span> <span class='ocrx_word' id='word_1_115' title='bbox 1131 2721 1200 2809; x_wconf 86' lang='grc' dir='ltr'>ὄφρ’</span> <span class='ocrx_word' id='word_1_116' title='bbox 1222 2722 1268 2790; x_wconf 77' lang='grc' dir='ltr'><strong>ἔτ’</strong></span> <span class='ocrx_word' id='word_1_117' title='bbox 1294 2725 1416 2807; x_wconf 74' lang='grc' dir='ltr'>ἐλαφρά</span> 
     </span>
    </p>

    <p class='ocr_par' dir='ltr' id='par_1_6' title="bbox 411 2838 1155 2923">
     <span class='ocr_line' id='line_1_19' title="bbox 411 2838 1155 2923; baseline -0.005 -18"><span class='ocrx_word' id='word_1_118' title='bbox 411 2845 553 2920; x_wconf 80' lang='grc' dir='ltr'>γσείνατα</span> <span class='ocrx_word' id='word_1_119' title='bbox 575 2845 628 2905; x_wconf 88' lang='grc' dir='ltr'><strong>καί</strong></span> <span class='ocrx_word' id='word_1_120' title='bbox 655 2838 797 2921; x_wconf 81' lang='grc' dir='ltr'>κεφαλὴν</span> <span class='ocrx_word' id='word_1_121' title='bbox 822 2839 977 2923; x_wconf 74' lang='grc' dir='ltr'><strong>ἀτρεμέως</strong></span> <span class='ocrx_word' id='word_1_122' title='bbox 1000 2838 1155 2923; x_wconf 82' lang='grc' dir='ltr'>προφέρω.</span> 
     </span>
    </p>

    <p class='ocr_par' dir='ltr' id='par_1_7' title="bbox 366 2949 1481 3494">
     <span class='ocr_line' id='line_1_20' title="bbox 366 2949 1479 3037; baseline 0.003 -24"><span class='ocrx_word' id='word_1_123' title='bbox 366 2949 411 3016; x_wconf 84' lang='lat' dir='ltr'><strong>Ol.</strong></span> <span class='ocrx_word' id='word_1_124' title='bbox 435 2949 539 3036; x_wconf 79' lang='lat' dir='ltr'><strong>Eurip.</strong></span> <span class='ocrx_word' id='word_1_125' title='bbox 556 2951 640 3014; x_wconf 89' lang='lat' dir='ltr'><strong>Med.</strong></span> <span class='ocrx_word' id='word_1_126' title='bbox 670 2953 766 3028; x_wconf 74' lang='grc'><strong>1242;</strong></span> <span class='ocrx_word' id='word_1_127' title='bbox 792 2949 856 3015; x_wconf 82' lang='grc' dir='ltr'><strong>Α1ο.</strong></span> <span class='ocrx_word' id='word_1_128' title='bbox 883 2951 957 3028; x_wconf 87' lang='grc'>840,</span> <span class='ocrx_word' id='word_1_129' title='bbox 989 2953 1090 3029; x_wconf 82' lang='lat'>1056;</span> <span class='ocrx_word' id='word_1_130' title='bbox 1118 2953 1170 3016; x_wconf 80' lang='lat' dir='ltr'><strong>Ar.</strong></span> <span class='ocrx_word' id='word_1_131' title='bbox 1195 2951 1269 3017; x_wconf 79' lang='lat' dir='ltr'><strong>Aah.</strong></span> <span class='ocrx_word' id='word_1_132' title='bbox 1290 2953 1373 3028; x_wconf 83' lang='grc'>484,</span> <span class='ocrx_word' id='word_1_133' title='bbox 1397 2952 1479 3037; x_wconf 82' lang='grc'>449,</span> 
     </span>
     <span class='ocr_line' id='line_1_21' title="bbox 367 3065 1478 3153; baseline 0.005 -26"><span class='ocrx_word' id='word_1_134' title='bbox 367 3065 441 3129; x_wconf 85' lang='grc'>479.</span> <span class='ocrx_word' id='word_1_135' title='bbox 464 3065 506 3130; x_wconf 79' lang='lat' dir='ltr'><strong>m</strong></span> <span class='ocrx_word' id='word_1_136' title='bbox 525 3065 591 3151; x_wconf 85' lang='lat' dir='ltr'><strong>quis</strong></span> <span class='ocrx_word' id='word_1_137' title='bbox 606 3067 727 3149; x_wconf 85' lang='lat' dir='ltr'><strong>ignorat</strong></span> <span class='ocrx_word' id='word_1_138' title='bbox 746 3065 941 3130; x_wconf 83' lang='lat' dir='ltr'><strong>Homericum</strong></span> <span class='ocrx_word' id='word_1_139' title='bbox 957 3065 1048 3129; x_wconf 92' lang='lat' dir='ltr'><strong>illud:</strong></span> <span class='ocrx_word' id='word_1_140' title='bbox 1071 3068 1208 3134; x_wconf 74' lang='grc' dir='ltr'>τέτλαθι</span> <span class='ocrx_word' id='word_1_141' title='bbox 1232 3068 1283 3150; x_wconf 86' lang='grc' dir='ltr'><strong>δή,</strong></span> <span class='ocrx_word' id='word_1_142' title='bbox 1310 3067 1478 3153; x_wconf 81' lang='grc' dir='ltr'>κραδίη,</span> 
     </span>
     <span class='ocr_line' id='line_1_22' title="bbox 368 3177 1481 3266; baseline 0.003 -24"><span class='ocrx_word' id='word_1_143' title='bbox 368 3186 431 3243; x_wconf 85' lang='lat' dir='ltr'><strong>aut:</strong></span> <span class='ocrx_word' id='word_1_144' title='bbox 457 3177 545 3246; x_wconf 83' lang='grc' dir='ltr'>εἷπε</span> <span class='ocrx_word' id='word_1_145' title='bbox 571 3185 671 3266; x_wconf 86' lang='grc' dir='ltr'>πρὸς</span> <span class='ocrx_word' id='word_1_146' title='bbox 693 3185 737 3247; x_wconf 85' lang='grc' dir='ltr'><strong>ὃν</strong></span> <span class='ocrx_word' id='word_1_147' title='bbox 761 3181 961 3265; x_wconf 79' lang='grc' dir='ltr'>μεγαλήτορα</span> <span class='ocrx_word' id='word_1_148' title='bbox 986 3188 1133 3265; x_wconf 79' lang='grc' dir='ltr'>θνμόν,</span> <span class='ocrx_word' id='word_1_149' title='bbox 1157 3179 1237 3264; x_wconf 89' lang='lat' dir='ltr'><strong>quod</strong></span> <span class='ocrx_word' id='word_1_150' title='bbox 1254 3200 1314 3244; x_wconf 89' lang='lat' dir='ltr'><strong>non</strong></span> <span class='ocrx_word' id='word_1_151' title='bbox 1337 3178 1481 3245; x_wconf 83' lang='lat' dir='ltr'><strong>debuerat</strong></span> 
     </span>
     <span class='ocr_line' id='line_1_23' title="bbox 367 3292 1479 3379; baseline 0.002 -21"><span class='ocrx_word' id='word_1_152' title='bbox 367 3293 485 3358; x_wconf 87' lang='lat' dir='ltr'><strong>Bakker</strong></span> <span class='ocrx_word' id='word_1_153' title='bbox 504 3294 616 3379; x_wconf 90' lang='lat' dir='ltr'><strong>ubique</strong></span> <span class='ocrx_word' id='word_1_154' title='bbox 643 3293 775 3358; x_wconf 84' lang='lat' dir='ltr'><strong>locorum</strong></span> <span class='ocrx_word' id='word_1_155' title='bbox 804 3293 962 3358; x_wconf 85' lang='lat' dir='ltr'><strong>obliterare</strong></span> <span class='ocrx_word' id='word_1_156' title='bbox 990 3292 1164 3357; x_wconf 79' lang='lat' dir='ltr'><strong>scribendo:</strong></span> <span class='ocrx_word' id='word_1_157' title='bbox 1188 3300 1254 3362; x_wconf 82' lang='grc' dir='ltr'><strong>ἑὸν</strong></span> <span class='ocrx_word' id='word_1_158' title='bbox 1278 3294 1479 3379; x_wconf 71' lang='grc' dir='ltr'>μεγαλήτορα</span> 
     </span>
     <span class='ocr_line' id='line_1_24' title="bbox 367 3408 916 3494; baseline -0.009 -18"><span class='ocrx_word' id='word_1_159' title='bbox 367 3409 498 3493; x_wconf 67' lang='lat' dir='ltr'><strong>uapor?</strong></span> <span class='ocrx_word' id='word_1_160' title='bbox 544 3408 614 3494; x_wconf 87' lang='lat' dir='ltr'><strong>Ipse</strong></span> <span class='ocrx_word' id='word_1_161' title='bbox 637 3415 740 3473; x_wconf 89' lang='lat' dir='ltr'><strong>noster</strong></span> <span class='ocrx_word' id='word_1_162' title='bbox 767 3431 809 3474; x_wconf 85' lang='lat' dir='ltr'><strong>vs.</strong></span> <span class='ocrx_word' id='word_1_163' title='bbox 836 3410 916 3472; x_wconf 82' lang='lat'>695:</span> 
     </span>
    </p>

    <p class='ocr_par' dir='ltr' id='par_1_8' title="bbox 367 3526 1389 3722">
     <span class='ocr_line' id='line_1_25' title="bbox 455 3526 1389 3613; baseline -0.003 -21"><span class='ocrx_word' id='word_1_164' title='bbox 455 3526 500 3592; x_wconf 75' lang='lat' dir='ltr'><strong>ot</strong></span> <span class='ocrx_word' id='word_1_165' title='bbox 525 3527 665 3610; x_wconf 83' lang='grc' dir='ltr'>διίναμαί</span> <span class='ocrx_word' id='word_1_166' title='bbox 689 3550 756 3600; x_wconf 92' lang='grc' dir='ltr'>σοι,</span> <span class='ocrx_word' id='word_1_167' title='bbox 781 3526 904 3609; x_wconf 64' lang='lat' dir='ltr'><strong>aopi,</strong></span> <span class='ocrx_word' id='word_1_168' title='bbox 925 3533 1100 3613; x_wconf 80' lang='grc' dir='ltr'>παρασχεῖν</span> <span class='ocrx_word' id='word_1_169' title='bbox 1125 3533 1248 3612; x_wconf 79' lang='grc' dir='ltr'>ἄρμενα</span> <span class='ocrx_word' id='word_1_170' title='bbox 1272 3533 1389 3593; x_wconf 85' lang='grc' dir='ltr'>πάντα.</span> 
     </span>
     <span class='ocr_line' id='line_1_26' title="bbox 367 3638 1187 3722; baseline 0.006 -20"><span class='ocrx_word' id='word_1_171' title='bbox 367 3638 412 3704; x_wconf 84' lang='lat' dir='ltr'><strong>Of.</strong></span> <span class='ocrx_word' id='word_1_172' title='bbox 439 3639 540 3702; x_wconf 75' lang='lat'>1029:</span> <span class='ocrx_word' id='word_1_173' title='bbox 667 3640 792 3721; x_wconf 86' lang='grc' dir='ltr'>Τόλμα,</span> <span class='ocrx_word' id='word_1_174' title='bbox 818 3641 944 3722; x_wconf 80' lang='grc' dir='ltr'>θυμέ,</span> <span class='ocrx_word' id='word_1_175' title='bbox 971 3649 1095 3706; x_wconf 82' lang='grc' dir='ltr'>κακοῖσι</span> <span class='ocrx_word' id='word_1_176' title='bbox 1121 3647 1187 3707; x_wconf 73' lang='grc' dir='ltr'><strong>κτὲ.</strong></span> 
     </span>
    </p>
   </div>
   <div class='ocr_carea' id='block_1_4' title="bbox 366 3739 1480 4183">
    <p class='ocr_par' dir='ltr' id='par_1_9' title="bbox 366 3739 1480 4047">
     <span class='ocr_line' id='line_1_27' title="bbox 412 3739 1480 3839; baseline 0.002 -22"><span class='ocrx_word' id='word_1_177' title='bbox 412 3753 540 3817; x_wconf 90' lang='lat' dir='ltr'><strong>Hiatum</strong></span> <span class='ocrx_word' id='word_1_178' title='bbox 555 3752 587 3816; x_wconf 90' lang='lat' dir='ltr'><strong>in</strong></span> <span class='ocrx_word' id='word_1_179' title='bbox 604 3739 750 3816; x_wconf 34' lang='lat' dir='ltr'><strong>arai‘aute</strong></span> <span class='ocrx_word' id='word_1_180' title='bbox 767 3773 919 3816; x_wconf 87' lang='lat' dir='ltr'><strong>caesuram</strong></span> <span class='ocrx_word' id='word_1_181' title='bbox 941 3753 1110 3838; x_wconf 87' lang='lat' dir='ltr'><strong>legitimum</strong></span> <span class='ocrx_word' id='word_1_182' title='bbox 1130 3777 1202 3831; x_wconf 87' lang='lat' dir='ltr'><strong>esse,</strong></span> <span class='ocrx_word' id='word_1_183' title='bbox 1224 3777 1312 3839; x_wconf 87' lang='lat' dir='ltr'><strong>supra</strong></span> <span class='ocrx_word' id='word_1_184' title='bbox 1323 3753 1383 3818; x_wconf 88' lang='lat' dir='ltr'><strong>iam</strong></span> <span class='ocrx_word' id='word_1_185' title='bbox 1403 3753 1480 3819; x_wconf 89' lang='lat' dir='ltr'><strong>vidi·</strong></span> 
     </span>
     <span class='ocr_line' id='line_1_28' title="bbox 367 3865 1480 3952; baseline 0.002 -20"><span class='ocrx_word' id='word_1_186' title='bbox 367 3891 446 3933; x_wconf 89' lang='lat' dir='ltr'><strong>mus.</strong></span> <span class='ocrx_word' id='word_1_187' title='bbox 481 3865 580 3946; x_wconf 76' lang='lat' dir='ltr'><strong>Quem</strong></span> <span class='ocrx_word' id='word_1_188' title='bbox 601 3867 701 3951; x_wconf 88' lang='lat' dir='ltr'><strong>ipsum</strong></span> <span class='ocrx_word' id='word_1_189' title='bbox 728 3866 956 3931; x_wconf 83' lang='lat' dir='ltr'><strong>reformidantes</strong></span> <span class='ocrx_word' id='word_1_190' title='bbox 972 3868 1097 3932; x_wconf 79' lang='lat' dir='ltr'><strong>fortasse</strong></span> <span class='ocrx_word' id='word_1_191' title='bbox 1121 3867 1279 3952; x_wconf 85' lang='lat' dir='ltr'><strong>magistelli</strong></span> <span class='ocrx_word' id='word_1_192' title='bbox 1296 3868 1366 3934; x_wconf 89' lang='lat' dir='ltr'><strong>huic</strong></span> <span class='ocrx_word' id='word_1_193' title='bbox 1382 3871 1480 3935; x_wconf 85' lang='lat' dir='ltr'><strong>versui</strong></span> 
     </span>
     <span class='ocr_line' id='line_1_29' title="bbox 366 3981 794 4047; baseline 0.005 -3"><span class='ocrx_word' id='word_1_194' title='bbox 366 3981 537 4047; x_wconf 88' lang='lat' dir='ltr'><strong>intulerunt</strong></span> <span class='ocrx_word' id='word_1_195' title='bbox 571 3981 794 4047; x_wconf 82' lang='lat' dir='ltr'><strong>Accusativum.</strong></span> 
     </span>
    </p>

    <p class='ocr_par' dir='ltr' id='par_1_10' title="bbox 412 4095 1189 4183">
     <span class='ocr_line' id='line_1_30' title="bbox 412 4095 1189 4183; baseline 0 -23"><span class='ocrx_word' id='word_1_196' title='bbox 412 4096 572 4161; x_wconf 79' lang='lat' dir='ltr'><strong>Difficilior</strong></span> <span class='ocrx_word' id='word_1_197' title='bbox 594 4096 631 4160; x_wconf 88' lang='lat' dir='ltr'><strong>ad</strong></span> <span class='ocrx_word' id='word_1_198' title='bbox 655 4095 874 4161; x_wconf 89' lang='lat' dir='ltr'><strong>emendandum</strong></span> <span class='ocrx_word' id='word_1_199' title='bbox 894 4103 940 4160; x_wconf 86' lang='lat' dir='ltr'><strong>est</strong></span> <span class='ocrx_word' id='word_1_200' title='bbox 963 4119 1004 4162; x_wconf 87' lang='lat' dir='ltr'><strong>vs.</strong></span> <span class='ocrx_word' id='word_1_201' title='bbox 1032 4099 1114 4162; x_wconf 91' lang='grc'><strong>1011</strong></span> <span class='ocrx_word' id='word_1_202' title='bbox 1140 4119 1189 4183; x_wconf 87' lang='lat' dir='ltr'><strong>sq:</strong></span> 
     </span>
    </p>
   </div>
   <div class='ocr_carea' id='block_1_5' title="bbox 365 4210 1478 4753">
    <p class='ocr_par' dir='ltr' id='par_1_11' title="bbox 740 4210 1301 4301">
     <span class='ocr_line' id='line_1_31' title="bbox 740 4210 1301 4301; baseline 0.004 -25"><span class='ocrx_word' id='word_1_203' title='bbox 740 4215 840 4278; x_wconf 88' lang='grc' dir='ltr'>κακὸν</span> <span class='ocrx_word' id='word_1_204' title='bbox 866 4210 895 4277; x_wconf 84' lang='grc' dir='ltr'><strong>δ’</strong></span> <span class='ocrx_word' id='word_1_205' title='bbox 919 4216 985 4278; x_wconf 79' lang='grc' dir='ltr'><strong>ἐπί</strong></span> <span class='ocrx_word' id='word_1_206' title='bbox 1013 4223 1111 4299; x_wconf 83' lang='grc' dir='ltr'>γῆρας</span> <span class='ocrx_word' id='word_1_207' title='bbox 1136 4215 1301 4301; x_wconf 75' lang='grc' dir='ltr'>ἐλέγχει</span> 
     </span>
    </p>

    <p class='ocr_par' dir='ltr' id='par_1_12' title="bbox 365 4324 1478 4753">
     <span class='ocr_line' id='line_1_32' title="bbox 544 4324 1321 4414; baseline 0.003 -22"><span class='ocrx_word' id='word_1_208' title='bbox 544 4328 731 4410; x_wconf 79' lang='grc' dir='ltr'>οὐλόμενον,</span> <span class='ocrx_word' id='word_1_209' title='bbox 757 4329 894 4409; x_wconf 81' lang='grc' dir='ltr'>κεφαλῆς</span> <span class='ocrx_word' id='word_1_210' title='bbox 916 4324 943 4393; x_wconf 90' lang='grc' dir='ltr'><strong>δ’</strong></span> <span class='ocrx_word' id='word_1_211' title='bbox 966 4331 1104 4395; x_wconf 83' lang='grc' dir='ltr'>ἅπτεται</span> <span class='ocrx_word' id='word_1_212' title='bbox 1124 4331 1321 4414; x_wconf 71' lang='grc' dir='ltr'>ἀκροτάτης,</span> 
     </span>
     <span class='ocr_line' id='line_1_33' title="bbox 365 4438 1478 4524; baseline 0.005 -20"><span class='ocrx_word' id='word_1_213' title='bbox 365 4439 418 4504; x_wconf 93' lang='lat' dir='ltr'><strong>ubi</strong></span> <span class='ocrx_word' id='word_1_214' title='bbox 434 4438 594 4504; x_wconf 90' lang='lat' dir='ltr'><strong>admodum</strong></span> <span class='ocrx_word' id='word_1_215' title='bbox 608 4440 682 4504; x_wconf 92' lang='lat' dir='ltr'><strong>mihi</strong></span> <span class='ocrx_word' id='word_1_216' title='bbox 700 4441 831 4524; x_wconf 87' lang='lat' dir='ltr'><strong>placeret</strong></span> <span class='ocrx_word' id='word_1_217' title='bbox 846 4441 1000 4523; x_wconf 77' lang='lat' dir='ltr'><strong>ingeniosa</strong></span> <span class='ocrx_word' id='word_1_218' title='bbox 1013 4441 1150 4505; x_wconf 87' lang='lat' dir='ltr'><strong>Pieraoui</strong></span> <span class='ocrx_word' id='word_1_219' title='bbox 1165 4441 1336 4505; x_wconf 79' lang='lat' dir='ltr'><strong>coniectura</strong></span> <span class='ocrx_word' id='word_1_220' title='bbox 1348 4445 1478 4524; x_wconf 80' lang='grc' dir='ltr'>ἐπείγει,</span> 
     </span>
     <span class='ocr_line' id='line_1_34' title="bbox 366 4552 1476 4640; baseline 0.004 -24"><span class='ocrx_word' id='word_1_221' title='bbox 366 4552 427 4617; x_wconf 86' lang='lat' dir='ltr'><strong>nisi</strong></span> <span class='ocrx_word' id='word_1_222' title='bbox 441 4554 545 4619; x_wconf 86' lang='lat' dir='ltr'><strong>vocula</strong></span> <span class='ocrx_word' id='word_1_223' title='bbox 561 4561 613 4621; x_wconf 81' lang='grc' dir='ltr'>ε’πί</span> <span class='ocrx_word' id='word_1_224' title='bbox 634 4554 829 4640; x_wconf 83' lang='lat' dir='ltr'><strong>praecederet.</strong></span> <span class='ocrx_word' id='word_1_225' title='bbox 864 4554 984 4640; x_wconf 73' lang='lat' dir='ltr'><strong>Quippe</strong></span> <span class='ocrx_word' id='word_1_226' title='bbox 1001 4560 1181 4638; x_wconf 81' lang='grc' dir='ltr'>ἐπεπείγειν</span> <span class='ocrx_word' id='word_1_227' title='bbox 1200 4553 1323 4620; x_wconf 82' lang='lat' dir='ltr'><strong>Graecis</strong></span> <span class='ocrx_word' id='word_1_228' title='bbox 1337 4553 1476 4638; x_wconf 84' lang='lat' dir='ltr'><strong>ignotum</strong></span> 
     </span>
     <span class='ocr_line' id='line_1_35' title="bbox 368 4665 1474 4753; baseline 0.005 -23"><span class='ocrx_word' id='word_1_229' title='bbox 368 4673 424 4732; x_wconf 89' lang='lat' dir='ltr'><strong>ast.</strong></span> <span class='ocrx_word' id='word_1_230' title='bbox 448 4665 555 4752; x_wconf 91' lang='lat' dir='ltr'><strong>Neque</strong></span> <span class='ocrx_word' id='word_1_231' title='bbox 572 4668 609 4733; x_wconf 92' lang='lat' dir='ltr'><strong>ab</strong></span> <span class='ocrx_word' id='word_1_232' title='bbox 625 4668 706 4732; x_wconf 85' lang='lat' dir='ltr'><strong>omni</strong></span> <span class='ocrx_word' id='word_1_233' title='bbox 723 4676 806 4753; x_wconf 90' lang='lat' dir='ltr'><strong>parte</strong></span> <span class='ocrx_word' id='word_1_234' title='bbox 824 4669 980 4744; x_wconf 82' lang='lat' dir='ltr'><strong>satisfacit,</strong></span> <span class='ocrx_word' id='word_1_235' title='bbox 995 4668 1076 4753; x_wconf 89' lang='lat' dir='ltr'><strong>quod</strong></span> <span class='ocrx_word' id='word_1_236' title='bbox 1098 4669 1130 4733; x_wconf 89' lang='lat' dir='ltr'><strong>in</strong></span> <span class='ocrx_word' id='word_1_237' title='bbox 1145 4677 1273 4736; x_wconf 88' lang='lat' dir='ltr'><strong>mentem</strong></span> <span class='ocrx_word' id='word_1_238' title='bbox 1285 4668 1360 4734; x_wconf 88' lang='lat' dir='ltr'><strong>mihi</strong></span> <span class='ocrx_word' id='word_1_239' title='bbox 1374 4671 1474 4735; x_wconf 87' lang='lat' dir='ltr'><strong>venit:</strong></span> 
     </span>
    </p>
   </div>
   <div class='ocr_carea' id='block_1_6' title="bbox 0 0 1640 5364">
    <p class='ocr_par' dir='ltr' id='par_1_13' title="bbox 0 0 1640 5364">
     <span class='ocr_line' id='line_1_36' title="bbox 0 0 1640 5364; baseline 0 0"><span class='ocrx_word' id='word_1_240' title='bbox 0 0 1640 5364; x_wconf 95' lang='lat' dir='ltr'><strong> </strong></span> 
     </span>
    </p>
   </div>
  </div>
 </body>
</html>
