3270 5374
767 535 809 600 cl

210 725 328 791 nudum
362 729 561 794 ἀναίνεσθαι
595 723 766 808 significare
802 745 889 809 posse
919 723 1017 788 dicere
1046 745 1149 790 recreo
1181 725 1333 795 difficilius

202 839 304 942 'fuerit
329 838 368 904 ad
390 837 589 924 probandum.
1243 847 1245 852 ’

256 952 309 1019 Vs.
334 953 395 1018 637
422 976 467 1039 sq.
513 953 610 1019 Exilis
635 952 804 1032 sententia,
830 959 861 1016 et
885 951 935 1016 vix
959 952 1051 1036 digna
1074 953 1276 1041 Theognide..

259 1067 342 1148 Quid
358 1067 488 1152 exempli
500 1067 596 1151 gratia
607 1066 757 1131 indicares
774 1065 811 1130 de
823 1088 870 1145 eo,
883 1067 936 1151 qni
952 1088 1063 1150 magno
1076 1090 1145 1134 cum
1158 1071 1291 1156 pondere
1302 1095 1337 1137 ac

213 1183 362 1268 gravitate
384 1182 475 1248 talem
499 1182 636 1268 stupenti
652 1181 772 1268 popello
797 1181 966 1248 venditaret
989 1184 1193 1250 sententiam:
1217 1185 1336 1252 Demo·

212 1299 330 1364 artene
353 1309 381 1364 et
396 1298 547 1362 Isocrateo
562 1297 595 1361 iu
611 1296 767 1383 republica
789 1295 1019 1362 Atheniensium
1028 1297 1122 1384 fuere
1136 1301 1248 1396 circites
1262 1304 1337 1366 oiri:
1452 1337 1456 1345 =

212 1415 305 1478 bonas
335 1415 416 1480 enim
444 1414 512 1487 ονύἰο
541 1411 689 1502 uterque?
727 1412 828 1476 Macte
859 1418 926 1476 esto
958 1412 1087 1492 virtute,
1117 1414 1276 1496 clamares,
1301 1423 1336 1482 ut

213 1506 351 1594 arbitror.
397 1527 471 1592 Non
502 1527 625 1593 meliora
648 1534 752 1592 tamen
775 1526 878 1611 gravis
902 1533 992 1612 poeta
1014 1527 1189 1612 gnomicus,
1213 1530 1239 1594 si
1262 1529 1337 1594 fides

212 1639 353 1707 librariis.
414 1640 525 1727 Sapere
560 1641 654 1707 audet
698 1641 853 1725 Theognis
888 1640 1012 1725 scripsit
1050 1643 1243 1725 ὄλοιντο,
1274 1666 1336 1709 non

213 1760 371 1842 ὅμοῖον,
408 1756 454 1821 uel
487 1763 634 1841 ὁμοῖα,
668 1764 704 1820 ut
736 1763 783 1819 est
814 1753 896 1840 apud
928 1755 1105 1823 stobaeum.
1153 1757 1227 1822 Noli
1258 1758 1337 1823 mihi

217 1891 368 1956 opponere
398 1893 458 1936 vss.
493 1873 577 1938 1135
609 1893 691 1956 sqq.‚
723 1863 793 1936 nain
825 1870 857 1934 hi
887 1893 947 1935 non
980 1872 1081 1936 minus
1103 1878 1245 1956 pugnant
1268 1895 1336 1939 cum

216 1983 347 2050 lectione
370 1985 503 2071 uulgata.
526 1985 570 2051 At
592 1985 700 2071 quidni
724 1991 878 2072 pugnent,
902 2008 996 2070 quum
1019 1985 1055 2051 ad
1075 1985 1208 2051 diversas
1224 1988 1336 2074 elegias

215 2100 439 2187 pertinuerint?

231 2277 235 2288 ,
259 2215 312 2282 Vs.
339 2217 413 2281 639.
438 2214 589 2302 Imposuit
604 2215 678 2282 mihi
690 2239 721 2303 p.
735 2217 775 2280 28
790 2216 925 2300 speciosa
937 2215 1020 2301 Meyi
1028 2216 1202 2282 coniectura
1214 2219 1316 2305 ἔρρειν

214 2352 305 2415 quam
332 2339 435 2397 tamen
455 2330 694 2418 posthabendam
714 2354 779 2396 esse
811 2330 1000 2417 Bergkianae
1022 2331 1228 2396 enemdationi
1255 2298 1338 2398 nuni

213 2445 334 2511 iudico..
369 2447 511 2515 Ἐλπίδα
546 2443 661 2514 Graece
695 2443 756 2509 dici
787 2444 1039 2530 exspectationem
1083 2451 1145 2508 tarn
1189 2445 1336 2511 malarum

213 2584 305 2648 quam
335 2561 482 2626 bonarum
507 2583 607 2625 rerum
635 2567 742 2626 notum
770 2566 834 2640 est,
858 2582 955 2645 neque
978 2559 1130 2650 curcivis
1152 2558 1237 2624 inens
1262 2582 1333 2647 pag.

216 2678 256 2741 50
284 2671 318 2745 εὖ
342 2683 410 2766 ῥεῖν
435 2676 472 2741 de
496 2698 640 2763 prospero
663 2698 764 2740 rerum
789 2697 932 2740 successu
958 2681 1039 2739 recte
1062 2674 1122 2739 dici
1146 2673 1266 2739 dubitet
1289 2674 1337 2738 in-

215 2791 336 2878 tellego.
385 2791 417 2856 Si
439 2799 543 2858 autern
567 2797 682 2880 ἔρρειν,
706 2790 790 2877 quod
819 2812 881 2854 non
905 2811 1000 2876 nego,
1033 2789 1094 2852 dici
1118 2795 1247 2874 possunt
1269 2788 1336 2873 ἔργ’

214 2908 369 2993 ἀνδρῶν.
394 2905 502 2991 quidni
538 2905 642 2971 eadem
675 2911 757 2970 recte
784 2904 929 2970 dicuntur
952 2900 986 2971 ari
1014 2903 1100 2991 ῥεῖνΡ
1146 2903 1189 2968 lot
1212 2901 1338 2986 Bergkii

215 3019 351 3105 opinioni
367 3021 463 3106 magis
486 3021 609 3099 favent,
627 3028 661 3086 ut
678 3021 792 3107 opinor,
811 3020 870 3084 loci
885 3019 1035 3105 paralleli,
1052 3019 1137 3084 velut
1154 3019 1214 3084 587
1234 3041 1278 3102 sq.
1298 3017 1338 3103 1).

215 3135 344 3200 Accedit
376 3137 512 3201 codicum
545 3136 732 3215 auctoritas3
766 3158 836 3200 nam
867 3141 972 3200 utrum
1006 3139 1108 3220 εὑρεῖν
1145 3157 1183 3198 an
1208 3130 1243 3202 εὗ
1269 3140 1337 3221 ῥεῖν

215 3250 360 3336 scripturn
383 3257 497 3331 exstet,
521 3250 627 3317 critico
650 3250 774 3335 perinde
797 3256 856 3314 est.

259 3361 311 3426 Vs.
344 3366 419 3428 926.
468 3364 562 3430 Recte
597 3387 664 3450 pag.
695 3361 739 3428 36'
773 3363 882 3450 negavi
913 3363 983 3428 ferri
1014 3382 1102 3446 posse
1135 3361 1337 3445 δουλοσύνην

215 3479 391 3560 τελέοις.
416 3479 481 3545 Nec
505 3488 606 3546 tamen
631 3482 787 3557 ταλάροις
810 3501 827 3544 a
848 3447 985 3565 tempiorc
1008 3483 1062 3541 ant
1088 3475 1233 3552 ταλέοις,
1259 3471 1342 3557 quod

213 3591 272 3656 iam
304 3593 491 3678 significavi,
525 3595 564 3660 ab
594 3618 650 3659 um
674 3617 706 3659 se
730 3593 936 3658 commendat.
982 3588 1114 3675 Utrique
1138 3587 1194 3651 hoo
1218 3586 1341 3651 nomine

213 3716 346 3794 praestat
370 3713 569 3798 δουλοσύνην
591 3713 747 3800 ὀχέοις.
774 3707 820 3775 Cf.
846 3707 906 3773 Od.
931 3740 950 3796 η
972 3709 1051 3785 211,
1077 3709 1096 3772 λ
1120 3707 1194 3787 619,
1219 3733 1242 3788 φ
1264 3705 1340 3769 302.

214 3824 294 3905 Quia
324 3831 428 3890 antem
455 3827 654 3913 δουλοσύνην
678 3825 710 3891 h.
735 3824 756 3889 l.
782 3845 845 3888 non
870 3823 992 3908 proprio
1016 3820 1070 3886 sed
1085 3821 1223 3905 ¹figurato
1248 3840 1341 3883 sensu
1446 3807 1448 3812 ⁵

214 3939 423 4026 accipiendum
447 3947 513 4023 est,
538 3917 665 4006 forsitan
689 3934 919 4027 praeferendum
935 3939 991 4017 sit,
1016 3938 1098 4024 quod
1115 3938 1208 4004 etiam
1225 3936 1339 4001 lenius:

214 4057 412 4146 δουλοσύνην
436 4056 517 4125 τιν’
541 4061 671 4147 ἔχοις.
698 4053 888 4120 -Versum
914 4053 1179 4140 sequentem‚.cui
1202 4061 1246 4123 ἄν
1264 4052 1344 4120 male

214 4172 316 4247 deest,
344 4173 389 4237 sic
409 4178 515 4237 tento:
551 4170 623 4241 οὐδ’
638 4179 666 4239 εἷ
688 4183 790 4260 γῆρας
812 4176 917 4250 ἵκοιο,
940 4176 979 4238 τὰ
1005 4180 1153 4259 χρήματα
1179 4167 1343 4239 πάντ’διν

213 4291 408 4375 daippus,
433 4277 488 4373 pro
518 4291 748 4375 ἀποδραίη.

255 4402 310 4469 Vs.
336 4404 418 4470 1167
443 4425 498 4490 pro
521 4404 627 4470 Attico
649 4410 892 4491 α’πόαρισις
912 4423 1090 4489 reponerem
1105 4399 1248 4468 Ionicum
1263 4401 1344 4464 ὁπό-

224 4560 371 4572 -n—n-v-

247 4653 271 4718 1)
290 4653 325 4704 Cs.
345 4651 426 4715 tragici
443 4651 522 4713 locus,
536 4667 607 4716 quem
625 4651 714 4702 tentavi
737 4650 762 4701 in
778 4650 999 4702 &recitationibus
1019 4649 1126 4708 cratae,
1148 4660 1201 4711 pag.
1220 4644 1261 4696 68.
