3270 5374
740 560 779 626 δί

249 753 302 819 Vs.
335 751 414 818 537:
452 751 529 837 ῥόδα
561 757 711 835 φύεται
744 749 813 818 οὐδ’
844 754 1013 828 ὑάκινθος.
1055 747 1144 814 Nihil
1174 770 1250 834 opus
1277 752 1324 812 est

204 865 293 930 metri
316 887 419 930 caussa
443 870 641 950 transponere
663 870 778 948 φύεται
803 866 892 950 ῥόδα.
917 863 998 928 Nam
1018 884 1079 929 non
1104 863 1202 928 solum
1216 879 1237 930 ῦ
1252 869 1323 928 anto

203 980 333 1044 vocalem
363 979 396 1044 in
426 979 483 1044 hoc
515 976 605 1043 verbo
635 977 781 1062 produxit
812 977 904 1042 Solon
926 977 980 1052 IV,
1021 980 1080 1057 36,
1111 1000 1200 1063 quem
1222 976 1323 1042 locum

202 1093 261 1156 iam
285 1092 386 1178 Bergk
410 1093 529 1173 attulit,
555 1092 606 1157 sed
631 1091 722 1157 ctiam
745 1093 879 1158 incertus
897 1098 985 1177 pocta
1000 1092 1080 1177 apud
1097 1091 1178 1158 Plut.
1197 1089 1234 1154 de
1252 1089 1322 1155 aud.

203 1214 284 1293 poet.
309 1231 334 1277 c.
361 1211 427 1274 la:
452 1215 631 1292 ηῦονται
657 1209 813 1294 μαλακῶν
839 1215 949 1276 ἄνθεα
973 1207 1139 1276 λευκοίων.

251 1322 304 1388 Vs.
331 1325 406 1388 577.
431 1329 521 1411 ῥήιον
546 1343 600 1407 pro
625 1326 737 1412 ῥήδιοο
761 1329 842 1387 recte
865 1343 923 1388 van
947 1322 999 1387 der
1014 1322 1103 1408 Mey,
1119 1329 1187 1407 post
1202 1321 1324 1386 Schnei-

206 1438 321 1504 derum.
345 1437 431 1502 Idem
455 1458 485 1522 p.
501 1439 552 1506 ,28
577 1459 622 1522 sq.
646 1459 752 1522 parum
781 1460 829 1502 me
850 1437 951 1502 iudice
967 1436 1108 1522 probavit
1124 1459 1209 1502 suam
1226 1436 1325 1522 opini-

205 1575 312 1633 onem,
341 1575 400 1617 vss.
426 1554 507 1618 575:
901 1530 905 1538 .

250 1677 283 1735 οἵ
303 1696 340 1754 με
366 1670 455 1754 φίλοι
479 1669 701 1754 προδιδοῦσιν,
731 1674 815 1736 ε’πεί
838 1677 906 1738 τόν
931 1670 959 1751 γ’
979 1675 1098 1757 ε’χθρὸν
1125 1668 1262 1753 ἀλεῦμαι

251 1785 309 1862 ὥςε
335 1787 531 1870 κυβερνήτης
557 1787 707 1870 χοιράδας
732 1785 887 1864 εἰναλίας.

204 1893 277 1984 post
301 1897 425 1964 verbum
449 1899 657 1985 προδιδοῦσιν
674 1898 819 1964 excidisse
842 1899 1006 1984 quaedam,
1031 1896 1140 1982 quihus
1163 1896 1243 1962 idem
1266 1896 1327 1960 fere

206 2013 438 2097 significaretur,
469 2012 549 2098 qnod
573 2012 688 2096 legitur
711 2036 769 2079 vss.
795 2016 881 2079 1219
907 2036 970 2099 sq.;
1003 2015 1036 2078 in
1060 2014 1145 2079 cuins
1168 2013 1213 2078 rei
1238 2011 1327 2076 fidem

206 2128 294 2193 affert
306 2151 350 2193 vs.
365 2129 557 2208 acl-864,
575 2151 653 2214 quae
668 2152 806 2196 versuum
825 2132 888 2198 575
905 2153 949 2215 sq.
963 2129 1119 2217 perediam
1133 2131 1312 2195 contineant
1317 2156 1326 2207 ;

207 2265 301 2328 qnare
313 2243 404 2307 ctiam
418 2242 474 2308 hoc
491 2242 644 2309 distichon
661 2244 733 2309 olim
745 2245 840 2310 fuisse
852 2246 1054 2312 tetrastichon
1067 2245 1129 2311 veri
1142 2267 1207 2310 esse
1219 2244 1327 2308 simile.

207 2355 300 2437 Quod
320 2357 450 2443 primum
472 2378 524 2422 cur
547 2357 701 2443 probabile
724 2358 764 2424 sit
787 2381 848 2423 non
877 2381 1000 2447 prorsus
1025 2360 1191 2446 perspicio,
1218 2358 1327 2424 deinde

205 2474 283 2538 haec
306 2471 503 2556 Theognidea
523 2483 665 2558 concerpta
685 2493 767 2551 esse,
792 2494 854 2538 non
875 2473 1008 2562 intepraa
1026 2475 1151 2562 cleptes,
1168 2473 1240 2538 satis
1256 2495 1328 2538 con-

206 2593 280 2654 stat.
327 2586 536 2652 Nihilominus
560 2585 684 2652 minime
708 2609 787 2672 nego
805 2610 907 2652 versus
933 2589 1002 2654 illos
1030 2589 1207 2652 ccl-864,
1224 2587 1328 2651 eodem

207 2707 348 2766 constare
371 2723 511 2780 numero,
536 2723 596 2785 quo
621 2726 679 2768 vss.
696 2704 896 2790 antiquiores,
918 2705 998 2770 unde
1025 2705 1078 2769 illa
1094 2725 1232 2789 expressa
1246 2708 1327 2767 sunt.

208 2817 269 2881 Sed
292 2822 390 2882 exstat
411 2817 438 2880 is
461 2817 544 2884 locus
570 2821 763 2886 alr-114:

254 2931 360 3018 Χρήμ’
385 2935 513 3001 ἔπαθον
537 2943 687 3003 θανάτου
706 2941 766 3021 μὲν
791 2938 916 3014 ἀεικίος
936 2940 1006 3003 οὔτι
1030 2943 1161 3014 κάκιον,

255 3052 320 3113 τῶν
344 3045 374 3114 δ’
396 3047 505 3116 ἄλλων
530 3062 674 3124 πάντων,
700 3047 812 3137 Κῦρή,
838 3053 1063 3148 ἀνιηρότατον·

255 3164 293 3226 ot'
312 3188 354 3244 με
382 3163 489 3244 φίλοι
514 3165 752 3249 προιίδωκαν·
779 3169 851 3247 ἐγὼ
876 3167 904 3233 δ’
930 3172 1076 3255 ἐχθροῖσι
1098 3167 1276 3244 πελασθείς

255 3279 367 3362 είδήσοο
389 3285 444 3344 καί
473 3287 539 3347 τῶν
560 3278 666 3348 ὅντιν’
690 3284 798 3369 ἔχουσι
824 3288 912 3351 νόον.

255 3390 305 3455 Sic
327 3414 370 3456 vs.
396 3394 457 3456 861
483 3414 547 3476 sq.:

255 3511 356 3593 οίμε
380 3509 499 3591 φίλοι
523 3510 782 3592 προδιδοῦσι
803 3548 846 3557 -
867 3509 955 3577 ἀλλ’
978 3514 1057 3595 ἐγὼ
1082 3513 1247 3597 αὐτομάτη
1267 3516 1332 3576 κτὲ.

255 3621 303 3685 Ita
326 3643 444 3708 quoqne
463 3627 511 3688 'vs
537 3625 600 3689 575
624 3622 816 3690 scribendum
840 3623 984 3691 arbitror:

254 3741 287 3805 οῗ
302 3765 340 3823 με
359 3740 447 3822 φίλοι
464 3739 686 3826 προδιδοῦσιν,
704 3742 776 3824 ἐγὼ
798 3741 817 3806 δ
824 3745 837 3805 ὲ
860 3747 926 3810 τόν
944 3744 1062 3828 ἐχθρόν
1089 3741 1226 3825 ἀλεῦμαι
1243 3744 1309 3804 nrt.

211 3849 265 3916 Vs.
283 3852 345 3916 585
363 3869 428 3937 sq'q.
452 3857 551 3922 πᾶσίν
568 3881 619 3920 τοι
641 3856 794 3932 κίνδυνος
818 3857 867 3924 ἐπ’
890 3859 1059 3942 ἔργμασιν,
1082 3855 1155 3922 οὐδέ
1173 3882 1221 3934 τις
1245 3850 1332 3921 οἶδεν

299 3977 345 4052 πῇ
368 3977 494 4055 σχήσειν
518 3970 626 4053 μέλλει
651 3979 836 4055 πρήγματος
862 3972 1054 4058 ἀρχομένου.

298 4082 371 4148 ἀλλ’
398 4087 495 4167 όμὲν
521 4085 701 4169 εὐδοκιμεῖν
726 4091 923 4173 πειρώμενος
948 4087 992 4152 οὐ
1020 4095 1257 4174 προνοήσας

301 4201 332 4273 ἐς
358 4199 500 4283 μεγάλην
528 4205 613 4285 άτην
639 4208 694 4268 καί
721 4204 866 4289 χαλεπήν
892 4204 1021 4270 ἔπεσιν·

300 4321 345 4397 τῷ
369 4313 402 4378 δὲ
428 4320 565 4392 κακῶς
589 4328 788 4391 ποιεῦντι
809 4323 885 4396 θεὸς
905 4325 977 4401 περί
1001 4326 1111 4386 πάντα
1135 4320 1267 4405 τίθησιν

302 4431 476 4514 συντυχίην
500 4435 652 4516 ἀγαθήν,
679 4431 811 4502 ἔκλυσιν
833 4437 1023 4520 ἀφροσύνης.

258 4541 426 4606 Offensioni
450 4550 497 4607 cst
524 4551 588 4610 tum
610 4555 746 4626 κακῶς
778 4561 925 4618 ποιεῖν
954 4547 1071 4613 dictum
1094 4550 1133 4613 de
1155 4567 1190 4612 νο
1213 4544 1263 4634 qai
1291 4545 1338 4607 ι’νι-

213 4657 398 4723 considerate
413 4658 476 4724 cicc
491 4660 613 4725 comitio
632 4685 668 4727 οο
681 4663 850 4750 prescientia
866 4663 941 4754 opit,
960 4671 1027 4732 tum
1043 4666 1087 4733 οῦ
1104 4671 1336 4752 προνοήσαςι
