3270 5374
706 599 747 667 17

217 784 324 870 Neque
355 785 443 850 aliter
472 786 591 852 Solonis
621 787 711 854 verba
742 789 960 854 intellexerunt
990 795 1128 852 auctores
1163 786 1289 865 Graeci,

172 919 299 984 quorum
322 901 405 965 locos
426 901 458 965 in
481 901 679 969 adnotatione
702 903 808 970 attulit
826 879 927 990 llergk
943 903 989 970 ed.
1012 903 1065 969 ΠΙ
1080 903 1152 989 Lyr.
1169 925 1197 988 p.
1215 903 1290 967 429.

219 1013 271 1080 Vs.
297 1016 357 1079 257
384 1037 465 1100 sqq.:

262 1129 383 1208 Ἵππος
407 1133 469 1213 ἐγὼ
494 1125 575 1216 καλὴ
601 1140 656 1200 καὶ
683 1137 814 1219 οῑεθλίη,
839 1137 924 1203 οἷλλὰ
950 1145 1083 1213 κάκιςον

263 1247 369 1332 ἄνδρα
394 1249 513 1332 φέρω,
541 1253 671 1336 καίιμοι
695 1249 781 1318 τοῦτ’
804 1253 1033 1339 ἀνιηρότατον,

264 1362 402 1429 πολλάκι
428 1361 457 1429 δ’
479 1364 642 1450 ημέλλησα
666 1364 864 1452 διαρρήξασα
892 1367 1075 1452 χαλινόν

267 1484 409 1561 φεύγειν,
438 1479 632 1566 ὠσαμένη
656 1486 711 1548 τὸν
737 1487 837 1550 κακὸν
862 1488 1049 1569 ἡνιόχον.

134 1649 139 1660 ,
223 1589 337 1655 Erotici
369 1591 540 1675 argumenti
564 1614 627 1656 esse
652 1593 706 1658 hos
731 1617 789 1660 vss.
813 1601 884 1680 post
909 1594 1102 1660 Wclekerum
1127 1594 1203 1658 bene
1226 1615 1297 1657 con·

178 1705 278 1771 tendit
301 1729 358 1772 van
383 1708 436 1772 der
458 1709 529 1792 Mey
553 1729 583 1792 p.
601 1708 662 1788 17„
676 1707 856 1794 Comparare
879 1709 979 1786 iuvat,
998 1731 1035 1774 nc
1059 1708 1128 1794 qnis
1152 1708 1188 1772 de
1207 1708 1297 1773 huius

178 1821 223 1884 rei
248 1822 374 1888 veritate
406 1822 535 1908 amplius
559 1820 696 1903 dubitet,
725 1824 928 1889 Anacreontis
951 1824 987 1889 fr.
1016 1834 1054 1888 4:
1080 1819 1104 1892 ὦ
1130 1832 1193 1891 παῖ
1218 1851 1298 1908 παρ-

179 1940 295 2008 θένιον
319 1941 449 2026 βλέπων
470 1976 514 1986 -
533 1949 588 2024 τῆς
613 1946 686 2026 ἐμῆς
706 1950 814 2029 ψυχῆς
838 1950 859 2025 ἡ
869 1946 1101 2027 νιοηιιέιις,
1120 1937 1172 2002 sed
1196 1936 1300 2020 impri-

180 2051 238 2117 mis
259 2053 296 2120 fr.
322 2057 382 2133 75,
405 2055 487 2140 quod
510 2053 672 2139 singularis
696 2062 743 2118 est
767 2054 949 2138 elegantiae:

225 2171 322 2236 Πῶλε
347 2175 483 2257 Θρηκίη,
507 2175 538 2238 τί
562 2171 599 2254 δή
623 2199 660 2256 μι
686 2173 780 2250 λοξὸν
805 2176 943 2256 ὄμμασιν
969 2170 1134 2267 βλέπουσα

227 2284 347 2370 νηλεῶς
371 2291 510 2368 φεύγεις,
535 2286 658 2363 δοκέεις
683 2287 717 2351 δέ
740 2284 771 2370 μ’
796 2285 891 2352 οὐδέν
917 2285 1039 2353 εἰδέναι
1062 2289 1180 2366 coptu

227 2399 298 2465 ἰ’σθι
323 2427 386 2478 τοι,
411 2401 516 2478 καλῶς
533 2379 597 2485 μέν
621 2406 664 2467 ἄν
689 2427 740 2466 τοι
766 2405 823 2467 τὸν
849 2401 1029 2486 ηαλινὸν
1054 2399 1242 2487 ἐμβάλοιμι,

228 2519 352 2600 ἡνίας
376 2514 404 2582 δ’
431 2518 513 2602 έχων
538 2516 703 2598 στρέφοιμί
729 2515 753 2580 σΙ
769 2519 851 2599 ἀμφὶ
874 2516 1017 2603 τέρματα
1042 2515 1170 2598 δρόμον·

230 2637 287 2696 νῦν
313 2630 346 2697 δέ
371 2628 529 2713 λειμῶνάς
553 2658 585 2696 τι
611 2635 741 2717 βόσκιοιι
766 2637 870 2713 κοῦφα
896 2658 930 2696 τε
953 2634 1112 2715 σκιρτῶσα
1136 2631 1279 2707 παίζεις,

231 2741 335 2822 δεξιὸν
360 2751 420 2828 γὰρ
449 2749 638 2831 ἱπποσιέρην
665 2747 722 2812 οὐκ
746 2747 829 2832 ἔχεις
854 2747 1110 2830 ἐπεμβάτην.

228 2854 492 2941 ’Τὴοοηςοίᾱοοτοιο
515 2864 620 2921 auctor
645 2855 694 2940 (de
714 2855 933 2921 Anacreonteis
955 2877 1003 2918 res
1018 2855 1057 2918 ad
1072 2853 1222 2938 liquidum
1238 2873 1305 2938 per·

188 2969 259 3035 duci
281 2971 332 3036 vix
355 2972 471 3058 potest)
499 2971 596 3036 virum
620 2993 792 3056 comparare
816 2969 936 3036 videtur
966 2991 1036 3034 cum
1059 2968 1154 3056 cqaitc
1178 2965 1247 3054 (qui
1274 2965 1308 3030 in

190 3088 299 3175 κέλητι
323 3094 415 3175 ἵππῳ
441 3087 598 3174 vehatur),
622 3109 683 3150 non
706 3108 775 3151 eum
799 3087 922 3172 οιινίμα,
948 3107 1025 3170 quae
1048 3082 1169 3170 propria
1192 3089 1239 3145 est
1262 3079 1308 3142 vis

191 3199 328 3266 vocabuli
357 3213 496 3293 η’νιόηος.
544 3201 590 3266 Βο
622 3200 737 3266 novitio
770 3201 828 3265 hoo
858 3199 995 3266 vocabuli
1028 3222 1085 3264 usu
1113 3198 1150 3262 cf.
1187 3192 1311 3258 Passovi

191 3316 309 3381 lexicon
332 3316 366 3381 in
388 3340 478 3398 voce,
512 3319 566 3403 qui
588 3326 707 3404 praeter
729 3318 810 3383 bunc
833 3318 934 3402 ipsum
957 3317 1056 3380 locum
1081 3314 1157 3379 citat
1181 3307 1311 3376 Aristid.

191 3432 227 3497 ΙΙ
250 3453 280 3516 p.
305 3435 357 3497 84.

237 3547 375 3614 Ceterum
402 3571 457 3633 pro
488 3551 637 3638 ὀισαμένη
668 3549 702 3633 (ἰ.
734 3572 761 3613 e.
792 3548 1044 3634 οἷποσεισαμένη)
1073 3544 1268 3628 ἀπωσαμένη
1295 3562 1312 3603 a

193 3663 356 3747 glossatore
379 3663 549 3750 prolectant
572 3662 684 3748 legitur
703 3662 735 3726 in
758 3661 842 3726 libris
862 3661 998 3747 optimis,
1017 3659 1098 3724 unde
1121 3655 1221 3741 Bergk
1244 3655 1315 3718 scri-

196 3778 328 3844 bendum
350 3779 519 3865 suspicatus
543 3785 607 3843 est:

327 3902 480 3979 paeiyen
506 3897 760 3979 ἀπωσαμένη
784 3896 840 3961 τὸν
870 3896 970 3959 κακὸν
996 3896 1139 3978 ήνιόχον,

195 4029 272 4092 quae
295 4009 467 4074 coniectura
492 4009 539 4074 vel
558 4009 671 4073 idcirco
696 4004 896 4093 repudianda,
921 4004 1001 4089 quod
1018 4002 1138 4068 nullum
1156 4008 1202 4066 cst
1217 3997 1249 4062 in
1269 3999 1317 4063 his

196 4121 332 4186 versibus
358 4122 482 4188 dorismi
505 4123 668 4210 vestigium
688 4123 731 4210 1).

236 4361 258 4421 l)
277 4359 356 4425 Neque
383 4361 494 4412 eiusmodi
512 4363 609 4424 formis,
637 4374 662 4413 ut
680 4364 712 4411 ita
730 4361 817 4419 dicam,
838 4359 988 4423 popularibus
1006 4363 1088 4420 poetae
1105 4352 1199 4416 elegiaci
1221 4366 1323 4414 unquam

199 4451 235 4499 nei
252 4467 300 4500 ease
319 4452 434 4502 videntne.
452 4453 497 4518 Qui
510 4461 586 4504 autem
601 4455 656 4503 talia
674 4453 809 4502 admitteret
828 4459 909 4514 poete,
922 4451 975 4499 hoio
987 4449 1024 4497 vix
1038 4447 1137 4505 licebat,
1149 4446 1241 4510 opinor,
1253 4459 1322 4492 voca-

201 4545 247 4594 lem
263 4546 286 4594 in
306 4543 360 4597 voce
377 4545 448 4614 καλή
466 4547 549 4596 lenum
567 4562 633 4597 more
650 4545 790 4610 producere,
816 4552 842 4593 nt
859 4545 945 4593 sactum
963 4540 1026 4590 vides
1046 4559 1079 4592 vs.
1097 4540 1161 4598 257,
1188 4552 1257 4602 qnam
1276 4553 1326 4587 rem

201 4653 270 4686 nemo
286 4654 377 4699 eorum,
404 4642 442 4703 qui
460 4645 501 4688 out
520 4639 604 4688 Dorica
622 4646 662 4689 ert
680 4637 773 4688 Aeolica
791 4637 890 4687 dialecto
908 4637 932 4686 in
952 4635 1013 4700 poesi
1032 4637 1068 4686 usi
1086 4639 1158 4695 sont,
1175 4631 1218 4682 sibi
1237 4631 1329 4694 permi-

201 4734 258 4784 sisse
277 4733 377 4784 videtur.
411 4735 503 4798 Inspice
521 4734 650 4798 'Perpendri
667 4733 697 4783 ir.
719 4731 765 4792 VI;
792 4731 910 4781 Alcmonie
927 4731 956 4782 lr.
974 4729 1021 4790 oc;
1042 4728 1149 4792 Sapphus
1166 4726 1195 4776 sr.
1215 4725 1243 4784 1,
1262 4724 1287 4774 9.
1305 4731 1329 4771 et

1171 4824 1189 4890 2
