3270 5374
850 590 985 657 70.

400 787 455 850 καί
481 811 514 849 κε
539 785 775 870 προεδρίην
800 789 942 870 φανερὴν
970 789 1004 852 ἐν
1027 787 1149 866 α’γῶσιν
1171 791 1293 869 ἄροιτο,

397 901 453 962 καί
478 925 532 964 κεν
557 902 723 984 σίτησιν
749 898 815 982 (pro
839 903 953 966 σιτεί
962 901 993 986 η)
1027 902 1187 986 δημοσίων
1211 909 1353 968 κτεάνων

400 1019 435 1080 ἐκ
459 1012 593 1090 πόλεως,
620 1019 674 1080 καί
700 1014 821 1098 δῶρον,
843 1017 860 1081 ὃ
884 1019 914 1081 οί
940 1008 1112 1098 νείμηλιον.
1130 1017 1190 1100 εὶή.
1273 1011 1275 1016 ’

354 1130 491 1210 Σίτησιν
528 1125 609 1192 euim
644 1147 703 1191 uon
739 1126 830 1191 modo
861 1133 984 1212 propter
1017 1149 1225 1213 praegressum
1257 1130 1429 1216 προεδρίην

311 1239 538 1325 praeferendum
559 1239 690 1304 Turnebi
715 1241 902 1306 coniecturae
926 1243 986 1309 σῖτ’
1002 1247 1071 1330 ε’ίη,
1097 1242 1152 1308 sed
1175 1243 1265 1310 etiam
1290 1244 1361 1328 quia
1384 1244 1430 1309 sie

311 1356 438 1420 Dativua
461 1356 648 1440 pronominis
673 1356 843 1420 Personalis
866 1379 953 1441 aegre
980 1357 1178 1424 desideratur.

355 1586 428 1652 Non
451 1581 515 1650 fero
543 1584 778 1651 semibarbarum
804 1591 946 1675 ἀπονητί
973 1587 1005 1652 iu
1033 1588 1203 1653 Euuuums
1229 1587 1336 1673 fragm.
1364 1587 1430 1652 atio

314 1724 357 1767 vs.
382 1704 419 1781 d,
443 1701 494 1766 sed
519 1705 623 1772 verum
647 1707 741 1787 pubo:
828 1737 831 1750 v
1185 1691 1186 1696 ἵ
1261 1702 1265 1712 “

533 1823 631 1907 βῆναί
655 1816 685 1885 τ’
707 1821 882 1886 ἀκονιτί
910 1826 974 1886 uri.

356 1931 447 1996 Haud
471 1931 565 2016 magis
587 1931 652 1995 fero
675 1931 754 2017 apud
775 1931 952 1998 Trnrauuu
975 1933 1010 1998 fr.
1030 1933 1117 1998 Xvs.
1134 1935 1262 2000 formam
1282 1935 1430 2000 novitiam

313 2053 577 2135 χρησμοσύνη
612 2067 666 2130 pro
699 2057 953 2135 ηρημοσδνη,
985 2071 1080 2132 neque
1112 2049 1195 2134 ap'ud
1225 2049 1365 2114 Solonem
1393 2050 1429 2119 f.

313 2159 391 2224 XXI
424 2162 640 2240 ἄκλαοςον
674 2183 728 2245 pro
757 2163 993 2238 ἄκλαυτον,
1031 2185 1129 2246 neque
1159 2164 1191 2227 in
1221 2154 1356 2230 eiusdem
1389 2164 1428 2230 fr.

312 2275 457 2353 XXVII,
482 2279 501 2340 4
528 2280 781 2364 γεινομίνης
808 2299 863 2362 pro
888 2281 1162 2366 γιγνομένης·

356 2511 562 2574 Aursroouurs
584 2507 619 2574 fr.
644 2507 728 2587 VII,
756 2510 881 2592 dsqq.:

489 2633 579 2690 τοῖον
604 2613 657 2689 ἐπὶ
682 2625 784 2708 φρένα
808 2600 940 2711 βάλλειςΙΙ
966 2617 1003 2706 (ὦ
1032 2621 1167 2712 Ἀρετὰ)

488 2743 611 2823 καρπόν
637 2735 664 2803 τ’
690 2739 862 2806 ἀθάνατον
888 2749 1001 2826 ηρνσοῦ
1025 2768 1058 2808 τε
1084 2743 1214 2825 κρείσσω

490 2857 559 2918 καί
583 2853 742 2934 γονέων
765 2852 1031 2937 μαλακαυγήτοιό
1055 2853 1090 2920 θ’
1113 2857 1228 2922 ὕπνον.

342 2965 392 3029 =In
416 2965 472 3030 hao
495 2963 652 3029 verborum
675 2966 891 3032 coniunctione
919 2968 1076 3052 aliquanto
1096 2968 1197 3052 aptius
1223 2967 1332 3034 fuerit:
1360 2974 1432 3036 καί

310 3086 454 3162 γένεος
477 3079 541 3144 eive
567 3084 801 3163 aedyeor'ag.
828 3081 894 3146 alia
912 3083 946 3147 in
970 3083 1017 3147 hie
1046 3083 1154 3147 vitiosa
1176 3105 1238 3148 nou
1261 3089 1361 3167 tango.

357 3312 561 3375 Auoffluocffl
584 3309 620 3375 ir.
645 3309 745 3376 CXL:
777 3313 942 3398 παρδοκόν
959 3315 986 3379 ,δ
997 3314 1018 3378 ι’
1041 3317 1182 3396 ἐπιοίο
1193 3342 1221 3381 ν.

312 3424 558 3490 Coniecturarum
585 3449 746 3492 numerum
770 3427 886 3510 augebo
909 3427 1084 3506 scribendo,
1116 3426 1198 3513 quod
1222 3427 1348 3492 lenitate
1372 3425 1432 3489 sal-

311 3548 373 3605 tem
406 3547 503 3610 cetera
534 3543 703 3608 tentamina
734 3549 871 3628 superata
904 3522 1069 3630 παρδοκὸν
1094 3546 1164 3611 διὰ
1188 3548 1258 3611 ποί
1268 3573 1325 3629 ην.
1373 3541 1432 3606 Sed

311 3655 343 3720 iu
367 3661 430 3720 bam
454 3655 556 3740 paucis
578 3655 675 3722 verbis
699 3659 799 3728 omnia
820 3658 935 3724 ineerta
960 3665 1043 3723 eunt.
1390 3639 1391 3644 ἵ

354 3885 525 3950 Suuomors
548 3906 710 3950 anonorm
732 3886 767 3952 fr.
793 3886 876 3966 VII,
901 3889 919 3950 8
946 3907 1032 3970 sqq.:

489 4005 547 4082 τὴν
572 4002 600 4066 δ’
628 4004 661 4078 ἐξ
685 4000 815 4086 οίλιτρῆς
841 4006 915 4076 θεὸς
941 4003 1032 4084 ἔθηκ’
1056 4004 1221 4076 ἀλώπεκος

488 4124 643 4196 γυναῖκα,
671 4122 802 4182 πάντων
826 4116 921 4200 ίδριν·
948 4115 1022 4180 οὐδέ
1046 4143 1101 4200 μιν
1127 4119 1236 4182 κακῶν

490 4228 627 4314 λέληθεν
652 4228 757 4301 οὐδέν,
783 4231 856 4296 οὐδὲ
882 4233 946 4298 τῶν
972 4234 1152 4315 οὶμειμόνων

313 4343 427 4422 ,ΙΜὶδῂ
442 4342 484 4406 aib
499 4341 609 4427 Bergk,
623 4349 689 4426 post
705 4342 785 4406 huno
797 4365 840 4406 ve.
858 4344 1179 4429 nonnullaintercepba
1197 4343 1427 4420 emendentur,

313 4481 403 4539 uuam
423 4457 516 4525 nimia
541 4457 685 4522 brevitate
708 4458 780 4522 haee
807 4457 932 4522 oallidae
961 4458 1095 4522 mulieris
1115 4458 1277 4543 descriptio
1289 4457 1427 4538 laborat,

314 4581 365 4654 „ab
376 4571 441 4658 ipsa
453 4571 505 4636 illa
521 4572 687 4650 calliditas,
703 4596 762 4657 qua
779 4573 930 4651 mulieris,
942 4595 1025 4657 .quae
1042 4596 1058 4636 a
1074 4572 1162 4656 vulpe
1176 4595 1273 4656 genus
1293 4571 1425 4644 deducit,

315 4712 432 4770 umores
455 4689 592 4773 insigues
614 4711 678 4754 esee
702 4695 938 4754 cousentaneum
961 4695 1022 4762 est,
1040 4687 1128 4771 plane
1144 4685 1429 4774 praetermitt'bur.‘'
