3270 5374
864 627 904 692 76

374 776 402 889 εἰ
424 819 453 887 d’
476 825 549 907 ἐμῷ
575 821 728 908 Μιλησία
754 821 787 900 ἐξ
811 821 967 902 οέμενείαν
993 823 1088 902 κῦόος
1112 823 1330 912 ἀνέδραμεν
1354 827 1456 913 ὕμνῳ.

333 933 381 1000 Gi.
407 933 532 1019 Bergkii
553 932 723 999 adnotatio.

371 1049 461 1137 Pyth.
489 1047 555 1128 IV,
583 1050 642 1115 99:

466 1172 522 1233 καί
546 1170 595 1243 τίς
620 1169 805 1250 ἀνθρώπων
829 1188 862 1232 σε
888 1167 1111 1253 χαμαιγενέων
1135 1168 1289 1247 πολιᾶς

468 1282 623 1365 ἐξανῆκεν
649 1285 789 1366 γαςρός,·

260 1421 263 1428 ’
374 1391 535 1480 Suspicor:
565 1398 666 1461 ποτὲ
692 1391 785 1472 Fisc-
879 1401 881 1408 '

309 1488 421 1594 =Pyth.
450 1508 549 1586 VIII,
576 1510 636 1573 92:
780 1513 815 1577 ἐν
840 1508 870 1576 d'
894 1508 993 1595 όλίγῳ
1016 1513 1142 1597 βροτῶν

393 1641 396 1650 “
462 1632 498 1695 τό
523 1630 661 1712 τερπνόν
686 1625 835 1702 αὔξεται·
861 1627 944 1691 οὕτω
966 1624 1000 1690 δέ
1028 1631 1083 1692 καί
1108 1635 1219 1695 πιτνεῖ
1243 1631 1343 1715 χαμαί
1432 1710 1434 1720 Ι

462 1745 688 1828 ἀποτρόπῳ
709 1745 855 1824 γνώμᾳ
879 1742 1094 1824 σεσεισμένον.

301 1921 305 1927 ,
372 1853 540 1939 Bergkium
572 1852 598 1917 si
629 1851 793 1930 audimus,
833 1851 957 1916 novavit
992 1852 1050 1917 hoo
1082 1852 1236 1919 Pindarus
1262 1875 1318 1941 pro
1344 1861 1459 1944 γνώμῃ

329 1979 396 2040 ἄπο
420 1977 553 2056 τρόπον.
579 1967 623 2032 Ni
646 1966 752 2052 potius
775 1967 959 2052 legendum:
984 1977 1246 2057 μετατρόπῳ,
1273 1969 1337 2034 sive
1361 1969 1462 2036 forma

330 2084 454 2151 Aeolica
476 2085 718 2170 πεόατρόπῳ
738 2089 864 2171 γνώμᾳ.
897 2082 944 2148 Οί.
967 2083 1057 2168 Pyth.
1074 2084 1121 2162 X,
1139 2086 1197 2149 20:
1214 2091 1256 2169 μὴ
1278 2095 1461 2173 φθονεραῖς

330 2207 365 2268 ἐκ
390 2206 479 2269 θεῶν
509 2201 742 2285 μετατροπίαις
771 2202 990 2286 ἐπικύρσαιεν.
1039 2197 1098 2263 Sed
1121 2197 1190 2263 vide
1217 2198 1347 2264 Scholia.
1454 2213 1456 2216 '

375 2312 466 2378 Nem.
489 2311 589 2391 VIII,
615 2333 659 2378 vs.
684 2313 744 2377 at:

377 2429 518 2519 χρυσίων
543 2427 571 2495 δ’
592 2430 684 2503 Αἴας
708 2434 874 2515 στερηθείς
894 2428 1006 2499 ὅπλων
1028 2435 1139 2516 φόνῳ
1163 2429 1386 2497 πάλαισεν.

331 2544 412 2610 Mira
443 2541 580 2620 locutio,
613 2541 695 2607 uude
724 2563 786 2607 uon
818 2550 978 2627 appareat,
1010 2549 1112 2607 utrum
1143 2543 1223 2608 Aiax
1245 2541 1303 2608 sibi
1327 2548 1458 2608 mortem

285 2729 288 2736 ,
332 2658 474 2724 intulerit
496 2679 601 2723 neone.
625 2657 735 2743 Neque
758 2657 897 2722 eximunt
912 2657 987 2722 mihi
1004 2657 1238 2739 dubitationem,
1257 2679 1333 2743 quaa
1348 2657 1458 2724 Bockh

331 2773 368 2839 da
401 2775 429 2839 h.
452 2773 474 2838 l.
502 2778 725 2838 commentatus
748 2778 803 2838 est.
852 2770 933 2837 Nam
959 2780 1074 2853 ἄταις,
1100 2777 1250 2860 ζημίαις,
1277 2784 1457 2862 συμφοραῖς

331 2889 485 2958 παλαίειν
519 2887 545 2951 is
581 2887 703 2968 dicitur,
739 2888 791 2973 qui
818 2888 961 2953 luctatur·
980 2911 1004 2952 a.
1036 2888 1228 2953 conflictatur
1262 2909 1331 2953 oum
1362 2885 1457 2952 rebus

331 3001 483 3081 adversis,
515 3003 653 3088 quamvis
684 3003 800 3068 incerto
832 3001 874 3067 rei
901 3010 1012 3067 aventu
1043 3002 1173 3068 intentis
1209 3010 1309 3068 tamon
1336 3001 1458 3067 viribus

330 3117 363 3183 id
386 3140 496 3204 agens,
520 3123 555 3184 ut
578 3118 716 3205 superior
739 3140 779 3184 ex
798 3141 832 3184 ea
846 3118 997 3204 palaestra
1012 3119 1197 3204 egrediatur.
1222 3118 1313 3200 Quod
1330 3117 1459 3184 minime

331 3232 410 3297 valet
440 3231 476 3297 de
499 3254 552 3312 eo,
584 3233 637 3317 qui
667 3255 720 3298 sua
742 3232 801 3298 sibi
824 3255 915 3298 maun
937 3239 1066 3299 mortem
1092 3234 1261 3300 oonaoisoit.
1310 3233 1458 3319 Suspioor

331 3347 442 3434 igitur:
467 3357 557 3437 φόνῳ
580 3348 794 3438 παλόίχβη.

375 3464 467 3530 Nem.
491 3464 538 3543 X,
563 3485 606 3532 vs.
631 3468 671 3529 13
697 3479 782 3551 ¹sqq.:

423 3583 529 3670 θρέψε
553 3579 583 3649 δ’
608 3586 729 3668 αἰχμὰν
754 3581 1015 3664 Ἀμφιτρύωνος·
1034 3582 1052 3644 ό
1068 3576 1098 3644 δ’
1114 3577 1216 3666 όλβῳ
1234 3579 1422 3664 φέρτατος

422 3698 520 3764 ἵκετ’
544 3701 575 3775 ἐς
600 3699 708 3764 κείνου
733 3703 848 3777 γενεάν
856 3742 864 3771 ,
893 3698 961 3760 ἐπεὶ
984 3696 1018 3761 ἐν
1045 3693 1194 3782 χαλκίοις
1220 3695 1333 3770 ὅπλοις

425 3811 593 3898 Τηλεβόας
617 3813 786 3895 ἔναρεν·
811 3836 851 3875 τι
876 3812 916 3876 οἱ
936 3813 1015 3894 ὄφιν
1041 3810 1202 3894 εἰδόμενος

425 3928 606 3995 ἀθανάτων
635 3922 786 4013 βασιλεύς
812 3920 918 3991 αὐλόν
948 3922 1104 4006 ἐσῆλθεν,

424 4036 536 4126 σπέρμ’
565 4040 765 4123 α’όείμαντον
794 4037 899 4122 φέρων
927 4036 1121 4123 Ἡρακλέος.

336 4154 408 4219 Non
432 4153 529 4218 ausim
553 4152 696 4229 definire,
725 4172 834 4216 verane
859 4150 901 4214 sit
928 4149 1098 4216 Hermanni
1122 4149 1296 4216 oouiaotura
1323 4151 1460 4236 ἔναρεν·

338 4276 394 4354 τῷ,
418 4289 508 4353 quam
532 4266 644 4352 recepit
672 4264 792 4349 Bergk,
816 4288 855 4330 an
876 4264 959 4350 quod
987 4271 1108 4330 sudore
1136 4264 1326 4330 Mommseno
1350 4264 1464 4350 recepit

337 4382 440 4450 Christ
467 4388 651 4470 ε’ναρόντος.
697 4380 758 4446 Sed
780 4386 853 4445 utut
868 4379 902 4444 id
919 4386 977 4459 est,
1003 4377 1093 4444 initio
1116 4378 1310 4447 scribendum
1327 4379 1462 4446 videtur:

829 4492 899 4564 ὁδ’
928 4497 1065 4582 ὄλβων
1090 4498 1315 4594 φέρτατοςΙ

559 4610 641 4681 ίκετ’
664 4617 696 4690 ἐς
721 4614 832 4681 κείνου
855 4618 990 4694 γενεάν,
1015 4615 1085 4679 ε’πεί
1109 4617 1175 4679 κτὲ.
