3270 5374
381 770 434 836 Vs.
459 772 501 834 43
526 791 611 856 sqq.:

381 887 532 969 οὐδεμίαν
558 861 764 971 πω,“Κκίρν’,
790 885 912 964 α’χαθοί
934 882 1032 949 πόλιν
1056 882 1181 950 ὤλεσαν
1205 883 1332 968 ἄνδρες·

308 985 311 992 ⁴
379 998 451 1065 ἀλλ’
477 1004 557 1067 ὅταν
581 1003 724 1087 ὑβρίζειν
749 1007 830 1065 τοῖσι
856 1005 1003 1065 κακοῖσιν
1029 1000 1105 1084 ἅδῃ,

380 1117 478 1198 δῆμόν
503 1143 536 1181 τε
560 1118 805 1198 φθείρουσι,
834 1115 927 1189 δίκας
950 1109 979 1177 τ’
1001 1114 1143 1178 ἀδίκοισι
1165 1112 1363 1179 διδοῦσιν

378 1233 505 1295 οἰκείων
531 1230 668 1314 κερδέων
697 1233 806 1294 είνεκα
831 1233 884 1292 καὶ
906 1234 1055 1310 κράτεος,

379 1343 474 1408 ἔλπεο
496 1351 538 1427 μὴ
564 1344 661 1430 δηρὸν
687 1347 798 1426 κείνην
823 1343 919 1408 πόλιν
943 1344 1167 1425 οίτρεμιεῖσθαι

376 1455 450 1542 μηδ’
477 1463 505 1521 εἰ
530 1467 587 1524 νῦν
613 1467 754 1531 κεῖται
780 1456 886 1540 πολλῇ
911 1460 944 1524 ἐν
969 1459 1083 1541 ἡσυχίῃ
1104 1460 1174 1536 κτέ.
1450 1533 1454 1542 Δ

376 1567 493 1636 Futuro
524 1569 710 1653 Theognidis
741 1567 852 1632 editori
882 1574 989 1632 auctor
1010 1589 1095 1646 sum,
1119 1574 1154 1630 ut
1178 1564 1326 1650 virgulam
1353 1563 1480 1636 deleat,

332 1687 400 1764 post
422 1684 501 1776 ἅδῃχ
524 1703 583 1766 quo
608 1682 715 1746 melius
733 1681 932 1766 intellegatur
948 1680 1093 1745 vocabula
1109 1684 1279 1766 φθείρουσι
1297 1686 1328 1742 et
1345 1681 1453 1746 διδοῦ·

331 1821 383 1863 σιν
407 1817 468 1860 non
492 1819 556 1861 esse
578 1796 765 1861 indicativos
789 1796 842 1860 sed
864 1796 1050 1882 Participia,
1074 1817 1172 1880 neque
1196 1793 1293 1878 igitur
1318 1801 1454 1857 contem·

332 1909 461 1974 nendam
492 1934 557 1974 esse
588 1911 665 1975 hanc
698 1912 806 1997 optimi
832 1911 943 1975 codicis
968 1910 1154 1976 Mutinensis
1179 1908 1378 1993 scripturam,
1404 1907 1456 1970 cui

332 2024 410 2088 male
435 2047 482 2088 me
505 2025 605 2089 iudice
627 2025 754 2090 alteram
776 2032 930 2113 φθείρωσι
956 2064 999 2075 -
1022 2029 1156 2094 διδῶσιν
1174 2021 1318 2108 praetulit
1336 2023 1454 2107 Bergk.

332 2137 423 2218 Quod
447 2146 549 2204 autem
573 2139 652 2204 idem
676 2161 744 2205 cum
766 2141 903 2226 Epkema
926 2164 970 2207 vs.
988 2144 1030 2205 48
1048 2162 1244 2206 numerorum
1262 2160 1353 2203 causa
1369 2159 1456 2222 prae-

330 2253 390 2318 fert
416 2249 497 2318 hunc
519 2253 678 2320 verborum
702 2255 857 2320 ordinem:

507 2367 583 2455 μηδ’
607 2377 634 2436 εἷ
658 2378 716 2439 νῦν
741 2374 877 2460 πολλῇ
901 2382 1043 2440 κεῖται
1069 2377 1103 2440 ἐν
1127 2376 1243 2459 ἡσυχίῃ

331 2480 388 2544 hoc
418 2481 461 2544 ita
496 2481 610 2565 probo,
642 2490 677 2546 ut
706 2485 797 2548 simul
829 2487 874 2550 vel
899 2486 943 2550 sic
966 2509 983 2550 a
1007 2493 1096 2570 poeta
1123 2484 1212 2550 scribi
1238 2482 1373 2569 potuisse
1400 2480 1456 2544 du·

329 2596 432 2661 bitem.
479 2596 598 2682 Nempe
634 2597 758 2662 varbum
792 2609 920 2667 κεῖσθαι
952 2623 969 2662 a
997 2599 1174 2682 Theognide
1209 2605 1239 2662 et
1273 2593 1455 2679 antiquiori·

328 2710 385 2776 bus
420 2720 500 2777 certe
535 2693 678 2791 Graecis,
715 2713 740 2777 si
775 2721 857 2778 recte
889 2713 1029 2792 memini,
1066 2721 1229 2799 usurpatur
1260 2719 1382 2777 tantum
1415 2709 1469 2774 de.

220 2881 223 2888 .
329 2827 419 2892 rebus
449 2827 535 2891 malis
566 2834 659 2912 atque
682 2826 825 2894 adversis.
873 2828 926 2893 lta
950 2852 992 2894 vs.
1022 2831 1102 2894 555:
1130 2842 1186 2918 χρὴ
1213 2830 1335 2912 τολμᾶν
1362 2825 1455 2914 χαλε-

330 2952 438 3010 ποῖσιν
471 2948 512 3010 ἐν
542 2943 692 3023 ἄλγεσι
727 2949 926 3029 κείμενον
957 2947 1063 3031 ἄνδρα
1087 2951 1119 3008 et
1146 2945 1227 3009 646:
1254 2947 1455 3026 κείμενος

332 3060 367 3123 ἐν
398 3057 520 3142 μεγάλῃ
550 3061 656 3140 θυμὸν
684 3059 912 3146 ἀμηχανίῃ.
958 3058 1120 3143 Propterea
1147 3080 1266 3144 qnoque
1298 3053 1455 3140 probanda

331 3167 422 3232 lectio
446 3168 557 3232 codicis
583 3169 772 3234 Mutinensis
796 3195 829 3236 vs
864 3175 945 3238 320:

396 3285 497 3371 τολμᾷ
523 3282 551 3350 δ’
577 3289 619 3353 ὲύ
645 3313 686 3352 τε
712 3297 861 3365 κακοῖς
886 3291 1084 3369 κείμενος
1109 3290 1144 3355 ἔν
1169 3284 1197 3353 τ’
1219 3291 1374 3368 οἷμαθοῖς,

329 3398 383 3464 ubi
414 3421 539 3483 zeugma
570 3399 705 3479 obtinet,
739 3421 810 3484 prae
841 3401 900 3464 alio
930 3401 1089 3466 verborum
1123 3399 1246 3479 ordine,
1271 3421 1357 3484 quern
1383 3421 1451 3463 cum

329 3513 453 3599 reliquis
476 3514 561 3579 libris
584 3515 787 3600 Theognideis
812 3515 961 3581 Stobaeus
976 3515 1100 3580 exhibet
1117 3516 1231 3581 hunce:
1259 3519 1361 3603 τολμᾷ
1380 3514 1450 3583 δ’ἕν

330 3632 359 3699 τ’
391 3636 532 3714 ἀγαθοῖς
566 3636 710 3717 κείμενος
735 3636 770 3701 ἔν
795 3662 828 3700 τε
855 3643 977 3726 κακοῖς.
1028 3631 1185 3712 Quaeres
1210 3654 1245 3694 eo
1268 3630 1363 3713 magis
1386 3629 1450 3693 ani·

330 3746 539 3810 madversione
572 3746 666 3830 digna
692 3753 754 3825 est,
786 3746 874 3831 quia,
906 3754 947 3810 ut¹
968 3746 1043 3812 bene
1068 3747 1205 3811 observat
1229 3745 1349 3828 Bergk,
1375 3743 1450 3807 alias

330 3879 365 3924 eo
397 3857 518 3937 ordine,
551 3880 611 3943 quo
639 3882 694 3924 nos
722 3880 842 3945 quoque
865 3859 911 3923 uti
936 3862 1166 3941 consuevimus,
1192 3867 1280 3946 poeta
1303 3881 1336 3922 ea
1360 3857 1449 3922 verba
1483 3919 1487 3926 ,

331 3971 470 4056 (ἀγαθὸς
485 4011 529 4022 -
545 3976 655 4059 κακός)
680 3973 827 4039 collocare
854 3975 944 4040 solet.

375 4087 444 4152 Hac
466 4089 563 4175 igitur
584 4089 622 4153 de
634 4112 740 4180 caussa
757 4090 893 4175 suspicor
908 4099 1014 4176 poetae
1030 4113 1151 4156 manum
1168 4089 1338 4175 antiquitus
1355 4089 1450 4152 hance

331 4201 439 4267 fuisse:
899 4177 901 4184 Ι

529 4320 605 4404 μηδ’
625 4325 654 4384 εί
676 4325 734 4388 νῦν
758 4322 864 4406 πολλῇ
887 4334 1037 4408 χρῆται
1062 4321 1112 4388 ἔθ’
1130 4323 1254 4408 ἡσυχίῃ.

376 4429 443 4494 Νοο
464 4437 566 4496 tamen
589 4433 667 4497 male
692 4434 863 4520 scripseris:

530 4547 606 4635 μηδ’
631 4555 658 4614 εί
682 4557 740 4619 νῦν
764 4550 871 4636 πολλῇ
895 4554 1007 4617 οἰκεῖ
1029 4556 1064 4617 ἐν
1088 4552 1219 4637 ἡσυχίῃ,

332 4665 386 4725 aut
417 4660 541 4748 propius
563 4661 758 4728 traditionem
784 4663 909 4748 (atenim
933 4682 1037 4728 versus
1058 4662 1160 4728 minus
1182 4683 1363 4727 numerosus
1387 4682 1448 4726 non
